1859 2917
101 129 103 138 ,
180 74 212 119 sa
259 68 308 119 nn
325 68 404 117 srrn
422 67 532 123 ornis,
548 67 602 115 nt
616 66 650 116 rr
664 65 730 132 cn.
744 71 768 116 2.
811 74 817 81 ·

176 200 246 247 altero
256 198 408 255 isthmilitore
416 198 481 245 sitsrn
491 195 604 245 Cardiam.
618 196 848 251 EximieestAEnos,

176 266 204 312 ub
215 260 291 311 AEned
303 262 400 325 proitmo
415 262 517 309 condita:
536 262 596 309 eirea
610 260 713 309 Hebrum
727 258 846 309 Cicones:

176 338 237 375 nans
248 328 350 375 eumdem
362 326 480 380 Doriscos,
492 327 529 373 nbi
537 324 631 373 Xerxen
639 326 714 388 copias
722 342 786 380 sm
795 327 849 387 <pria

176 408 270 439 nurnero
285 407 331 438 non
344 399 439 455 poterat,
454 390 525 453 spatio
539 406 642 438 mensum
654 389 745 437 semnt:
764 390 849 437 deinde

173 456 351 520 promontorium
362 456 469 510 Serrium,
480 464 504 502 et
514 457 572 519 (quo
582 462 697 503 ementem
707 454 805 515 Orpheo
812 470 848 501 se·

174 530 226 569 enta
240 528 357 569 narrentur
371 521 438 567 etism
454 518 556 579 nemore)
566 518 645 566 Zone:
663 528 711 566 tum
731 519 848 566 Schoenos

173 585 262 639 fluvius,
274 594 298 633 et
307 585 361 647 ripis
370 586 419 647 eJus
425 584 528 647 adjacens
536 583 648 631 Maronia.
665 582 849 645 Regioulterior

173 650 302 699 Diomeden
316 650 374 703 tulit,
387 650 521 695 immanibus
530 648 593 708 equis
603 648 741 696 mandendos
752 648 848 694 solitum

173 716 284 777 ohJectare
300 714 405 769 advenas,
422 721 446 761 et
462 714 540 775 iisdem
555 713 583 759 sb
601 710 702 759 Hercule
718 714 844 775 objectum,

172 778 261 833 Turris,
274 794 341 839 quem
358 777 478 825 Diomedis
495 786 582 831 vocant,
599 777 690 839 signum
705 775 792 824 febulae
809 794 846 823 re-

172 852 263 900 manet3
279 851 303 889 et
313 844 372 897 urbs,
384 857 451 904 quam
465 857 529 889 soror
543 842 593 903 ejus
607 857 648 887 suo
663 840 757 887 nomine
768 842 847 887 nomi-

172 909 242 962 navit,
255 907 358 971 Abdera5
375 906 414 953 sed
424 922 451 955 eu
461 906 534 968 magis
548 906 571 951 id
584 905 755 953 memorandum
765 906 843 961 habet,

170 972 232 1033 quod
250 970 408 1019 Democritum
427 969 544 1032 physicum
563 970 623 1023 tulit,
641 985 708 1032 quam
727 971 792 1030 quod
812 971 844 1017 ita

170 1036 261 1083 conditu
278 1043 321 1083 est·
351 1034 418 1083 Ultra
436 1033 522 1081 Nestos
540 1032 607 1092 fluit3
630 1032 732 1094 interque
748 1050 804 1081 mm
820 1042 844 1082 et

171 1101 299 1161 Strymone,
319 1100 384 1147 urbes
402 1106 455 1145 sunt
475 1096 578 1160 Philippi,
596 1098 724 1160 Apollonis,
735 1100 843 1161 ¹Amphi·

169 1166 241 1227 polis:
258 1165 316 1211 inter
328 1164 449 1224 Strymona
459 1170 483 1210 et
496 1162 582 1216 Athon,
595 1162 663 1209 turris
674 1161 804 1218 Calarnaea,
819 1170 843 1213 et

90 1270 93 1287 ,
169 1237 256 1288 Καπρου
268 1238 344 1285 nourr,
352 1230 404 1274 urbs
413 1228 537 1281 Acanthos,
549 1234 573 1274 et
581 1225 719 1287 Echymnia:
735 1228 798 1273 inter
806 1228 842 1275 A·

169 1294 225 1339 thon
234 1300 257 1339 et
265 1292 379 1346 Pallenen,
393 1290 480 1341 clenna
486 1300 510 1338 et
516 1291 637 1353 Olynthos.
651 1292 760 1352 Strymon
770 1292 843 1355 (sicut

168 1354 277 1417 diximus)
288 1358 360 1403 amnis
370 1364 419 1415 est;
432 1357 544 1418 longeque
552 1365 621 1410 ortus,
633 1362 657 1402 et
667 1355 749 1410 tenuis,
761 1356 842 1404 alienis

169 1422 261 1469 subinde
275 1420 338 1480 aquis
352 1420 378 1469 fit
392 1420 501 1484 amplior3
518 1428 547 1475 et,
561 1421 598 1467 ubi
612 1434 658 1466 non
671 1418 742 1482 longe
757 1436 772 1467 a
783 1423 839 1469 mari

167 1486 241 1533 laeum
259 1485 320 1538 lecit,
343 1486 426 1547 majore
446 1500 514 1546 quum
536 1491 627 1532 venerut
647 1484 711 1533 slveo
730 1487 837 1549 erumpit.

166 1550 242 1597 Athos
253 1564 319 1597 mons
329 1557 364 1597 est
373 1550 429 1597 adeo
439 1549 519 1604 damn,
530 1557 556 1597 ut
569 1549 671 1596 credatur
682 1549 750 1595 altius
760 1551 838 1604 etiam,

166 1630 233 1675 quam
253 1614 312 1661 unde
330 1615 412 1662 imbres
429 1614 519 1668 cadunt,
539 1629 639 1677 surgere·
673 1611 742 1675 Cupit
760 1615 838 1675 opinio

164 1679 239 1733 fidem,
251 1679 304 1740 quia
314 1678 342 1725 de
352 1679 404 1733 aris,
412 1679 499 1740 quasin
508 1678 591 1725 vertice
598 1677 699 1731 sustinet,
709 1693 758 1724 non
766 1680 837 1725 oblui-

166 1744 277 1798 turtinis,
289 1744 335 1797 red,
347 1758 393 1804 quo
404 1742 534 1805 relinquitur
544 1758 635 1806 aggere,
647 1750 730 1789 menet.
758 1741 837 1792 Caete·

165 1824 224 1862 rum,
240 1822 286 1855 non
300 1806 461 1870 promontorio,
478 1814 504 1853 ut
518 1807 562 1861 alii,
576 1822 656 1854 verum
672 1812 737 1853 totus
752 1815 834 1863 exstat,

152 1870 155 1881 ’
165 1880 258 1933 totoque
267 1872 336 1934 longe
347 1872 413 1919 dorso
423 1872 524 1934 procedit
533 1872 557 1917 in
567 1872 668 1933 pelagus.
695 1868 751 1925 Qut
762 1873 835 1919 eonti-
874 1902 877 1908 ·

164 1938 227 1983 nenti
238 1936 344 1990 ndlraeret,
355 1950 369 1983 a
381 1936 459 1983 Xerxe
470 1937 495 1982 in
506 1936 589 1983 Graios
599 1936 705 1982 tendente
717 1936 834 1997 perfossus

163 2001 359 2063 tmnsjngntutque
369 2009 411 2056 est,
422 2008 446 2048 et
455 2000 528 2047 sactus
538 1999 596 2047 freto
607 2000 726 2061 navigabili
737 2002 835 2061 pervius.

164 2063 215 2111 Ima
233 2066 281 2125 ejus
300 2072 378 2111 tenent
398 2080 475 2127 pnrvae
496 2063 644 2127 Pelasgorum
666 2064 771 2111 coloniae.
805 2063 832 2111 In

163 2144 252 2175 summo
265 2128 309 2175 fuit
325 2129 429 2192 oppidum
447 2130 585 2182 Acroatlron,
601 2130 624 2175 in
639 2144 683 2188 quo
696 2128 734 2191 (ut
744 2126 830 2189 femnt)
897 2125 898 2128 ’

161 2193 252 2239 dimidio
263 2193 359 2254 longior,
372 2208 438 2255 quam
450 2194 474 2239 in
482 2193 530 2241 aliis
538 2193 609 2247 terris,
622 2200 677 2239 aetas
684 2193 831 2251 habitantium

161 2265 216 2305 eret.
240 2256 340 2311 Pallene,
357 2258 398 2303 noli
413 2266 458 2304 tam
474 2258 578 2319 patentis,
594 2264 620 2303 ut
634 2258 733 2317 quinque
745 2258 831 2305 urbium
894 2271 895 2298 l

160 2320 225 2367 sedes
236 2322 264 2368 sit
275 2331 341 2381 atque
351 2336 413 2381 eger,
426 2328 474 2368 tota
488 2321 511 2365 in
525 2322 594 2367 altum
605 2321 658 2373 ubit,
670 2328 769 2382 angusta
779 2323 832 2369 satis
893 2333 895 2356 l

160 2384 220 2431 unde
234 2385 318 2444 incipit.
346 2383 381 2431 lbi
395 2393 430 2430 est
444 2383 561 2431 Potidaea:
580 2392 610 2438 at,
626 2384 663 2430 ubi
677 2384 752 2432 laxius
762 2393 828 2447 patet,
891 2371 893 2412 i

160 2444 247 2495 Mende
258 2447 384 2507 sonnoque
395 2446 531 2504 referendae;
544 2447 582 2494 illa
592 2450 620 2495 eb
630 2448 734 2505 Eretriis,
747 2449 797 2497 haec
805 2451 831 2497 ah

64 2546 67 2555 .
158 2508 254 2555 Achivis
264 2517 330 2572 cepto
343 2508 386 2561 Illo
397 2511 553 2574 remeantem,
564 2512 644 2580 posita.
