1859 2917
286 102 322 153 11.
337 96 616 163 rnamsrocrse
769 94 786 139 s
831 82 835 87 ’

110 232 237 298 judicabat,
255 222 724 290 odenmusoeuuissimeemueieusr:
741 233 787 287 quo

116 298 205 347 factm
216 306 260 353 est,
273 306 299 346 ut
308 298 369 345 brevi
380 306 481 360 ternpore
490 296 644 343 illustraretur.

83 364 88 371 ”
153 362 189 411 11.
206 362 298 411 Primus
313 370 387 410 autem
403 360 487 424 gradus
501 360 545 406 suit
560 352 701 419 capessenda
716 348 790 411 reipu-

117 428 184 475 blicae
194 428 252 475 bello
261 426 398 489 Corcyram
415 426 443 473 sd
459 424 520 486 quod
534 422 658 485 gerendum
674 414 758 480 praetor
774 427 788 459 a

121 492 206 555 populo
220 492 301 547 iaetus,
318 506 365 537 non
382 491 454 538 solum
470 487 575 552 praesenti
588 485 653 538 bello,
669 478 789 529 sedetiam

125 556 209 617 reliquo
219 564 328 618 tempore,
339 555 470 603 ferociorem
482 552 575 602 reddidit
582 549 702 597 deitatem.
717 542 787 597 Nam,

125 635 176 667 cum
190 622 285 683 pecunia
298 621 390 683 publica,
408 634 458 681 quae
469 633 499 666 ex
508 616 604 663 metallis
614 612 703 664 redibat,
721 606 790 669 lflrssl·

124 684 185 732 tione
199 685 370 747 magistratuum
386 683 505 745 quotannis
514 681 621 731 interiret,
633 678 671 723 ille
680 672 790 737 persuasit

123 750 214 811 P⁰P¹1102
231 758 257 795 ut
267 747 294 797 ed
303 747 398 811 pecunid
407 748 484 795 classis
493 753 583 793 centum
594 742 685 789 navium
695 734 792 785 aedifioe·

124 821 193 861 retur.
214 810 267 867 Qut
282 814 383 861 celeriter
397 810 482 865 effectis,
494 811 590 872 primum
602 804 736 865 Corcyraecs
745 798 791 845 fre·

124 879 173 941 git3
191 877 276 932 deinde,
294 878 417 924 maritimos
431 876 548 938 praedonea
563 867 718 919 consectando,
730 878 792 911 ”1⁸10

126 949 200 989 tutum
220 942 326 989 reddidit:
345 943 436 1001 inquo,
457 954 509 989 cum
527 935 609 984 divitiis
627 932 722 984 ornavit,
741 936 791 975 tum

126 1007 194 1055 etiam
204 1007 349 1069 peritissimos
359 1006 409 1053 belli
421 1004 505 1051 navalis
515 1002 569 1049 fecit
579 998 736 1047 Athenienses.
763 990 793 1039 ld

126 1079 216 1133 quanta
227 1071 291 1118 saluti
300 1069 368 1117 fuerit
375 1070 486 1117 universae
494 1067 599 1119 Graeciae,
610 1063 668 1110 bello
676 1057 792 1122 cognitum

126 1142 163 1183 est
173 1134 271 1189 Persico,
284 1150 335 1181 cum
346 1134 437 1181 Xerxes
448 1141 472 1181 et
481 1132 536 1179 mari
546 1137 570 1177 et
580 1126 640 1175 terri
648 1126 731 1173 bellum
742 1120 793 1168 uni-

126 1214 200 1247 rersae
210 1198 301 1247 inferret
310 1199 411 1261 Eurcpae
421 1213 473 1245 cum
484 1196 552 1244 tantis
562 1194 639 1256 copiis,
650 1197 745 1252 quantas
752 1200 793 1232 ne-

127 1280 173 1327 que
182 1272 248 1311 antea
257 1280 329 1325 neque
339 1271 417 1326 postea
427 1262 504 1310 habuit
513 1260 645 1321 quisquam
655 1255 722 1317 hujus
731 1251 792 1299 enim

127 1330 205 1377 classis
221 1329 281 1379 mille
301 1336 324 1376 et
340 1329 485 1375 ducentarum
500 1324 590 1372 narium
606 1322 725 1384 longarum
740 1314 792 1369 fult,

127 1410 193 1457 quam
205 1394 249 1441 duo
259 1394 328 1441 millia
337 1394 487 1459 onerariarum
498 1391 658 1452 sequebantur:
677 1388 794 1431 terrestres

128 1467 202 1507 sutem
224 1459 335 1507 exercitus
356 1459 548 1521 septingentorum
568 1453 663 1501 millium
685 1447 792 1511 peditum.

128 1525 228 1585 equitnm
239 1523 451 1586 quadringentorum
463 1521 557 1569 millium
566 1518 664 1566 fuerunt.
683 1512 756 1575 eujus
766 1508 794 1557 de

38 1593 44 1601 '
129 1589 225 1637 adventu
236 1604 288 1637 cum
298 1589 358 1637 sama
367 1590 391 1635 in
400 1588 513 1637 Graeciam
521 1592 582 1633 esset
588 1583 679 1646 perlata,
691 1585 714 1626 et
721 1574 794 1623 maai-

128 1668 165 1701 me
186 1654 337 1701 Athenienses
358 1654 403 1716 peti
424 1654 557 1705 dicerentur,
581 1654 672 1711 propter
694 1653 793 1706 pugnam

127 1717 302 1773 Metellorum.
314 1718 422 1767 miserunt
431 1718 537 1779 Delphos
544 1712 678 1762 demultum,
690 1706 795 1768 quidnam

126 1782 226 1833 irruent
236 1782 264 1829 de
275 1784 339 1829 rebus
350 1784 403 1837 suis.
425 1774 795 1841 DehiersntibusPythiarespon·

127 1848 167 1903 dit,
183 1855 209 1895 ut
223 1848 335 1897 moenibus
348 1848 429 1909 ligneis
444 1862 470 1893 se
483 1844 603 1892 munirent.
623 1838 652 1886 Id
662 1848 794 1898 responsum

123 1927 172 1973 ,quo
183 1912 274 1966 valeret
287 1926 338 1961 eum
346 1911 481 1973 intelligeret
488 1923 562 1961 nemo,
573 1902 738 1952 Themistocles
744 1912 796 1961 per·

127 1977 203 2031 suasit,
216 1977 334 2024 consilium
344 1991 394 2023 esee
404 1973 524 2038 Apollinis,
536 1978 562 2017 ut
571 1970 596 2014 in
603 1981 672 2014 naves
680 1981 705 2011 se
713 1976 796 2022 suaque

129 2041 271 2098 conferrent5
287 2056 339 2091 eum
354 2040 413 2085 enim
428 2052 442 2083 e
456 2038 511 2085 Deo
521 2031 641 2095 significari
651 2042 741 2076 murum
750 2027 796 2087 lig·

129 2120 204 2155 neum.
234 2104 285 2159 Tui
302 2103 394 2149 consilio
410 2100 511 2164 probato,
529 2097 614 2147 addunt
627 2094 656 2141 ad
671 2091 796 2154 superiores

128 2170 221 2219 totidem
237 2182 306 2215 naves
320 2168 436 2222 triremes;
452 2178 536 2224 simque
549 2160 632 2213 omnia,
648 2173 700 2219 quse
710 2154 797 2203 moveri

129 2240 239 2297 poterant,
256 2231 336 2295 partim
355 2228 474 2283 Salamina,
489 2227 570 2290 partim
586 2224 703 2271 Troezena
718 2235 797 2282 aspor-

130 2306 191 2345 tant:
209 2311 284 2351 arcem
300 2294 448 2345 sacerdotibus
464 2293 584 2353 paucisque
600 2288 719 2351 majoribus
733 2290 794 2335 natu,

130 2360 179 2475 [tub]
200 2376 265 2472 880τί
280 2358 424 2423 procuranda,
441 2358 545 2405 tradunt:
564 2353 674 2414 reliquum
690 2348 795 2411 oppidum

130 2444 141 2474 r
170 2442 184 2473 n
200 2440 247 2477 uun

162 2442 211 2537 lll-
225 2489 303 2551 Hujus
313 2488 429 2541 consilium
439 2486 549 2549 plerisque
559 2480 684 2529 civitatrims
695 2474 797 2536 displice-

125 2556 180 2613 heu
192 2562 216 2601 et
226 2554 250 2600 in
260 2550 429 2605 umidissimi
439 2551 512 2613 magis
519 2547 627 2611 placebat
646 2538 797 2601 ltaquemissi

128 2626 181 2672 sunt
199 2618 279 2667 delecti
297 2632 348 2672 eum
365 2613 474 2670 Ieouidl,
491 2607 715 2661 lacedemoniorum
732 2617 794 2665 rege,
