1859 2917
181 122 212 171 70
243 118 293 171 DE
310 118 391 172 SITU
407 120 516 177 ORBIS,
534 116 646 169 nse-111.
663 114 726 170 Cre.
740 118 783 166 10.

179 266 246 313 super
256 251 304 299 sliis
318 248 490 305 innescentibus,
502 251 558 298 nibil
568 251 675 297 sollicitos
685 250 751 296 alunt
762 247 850 294 bentiu's

175 331 241 378 quem
251 312 324 393 [elias]
332 318 396 363 urbes
402 318 509 363 excultae:
521 332 567 362 noo
574 316 681 377 singuluri
687 315 789 360 duorum
797 312 848 358 ion-

176 381 233 427 tium
248 380 339 443 ingemo
356 382 452 427 maxime
467 382 578 442 insignis:
596 381 691 426 alterurn
709 380 748 439 qui
766 386 848 440 guste-

176 442 238 498 vere,
251 446 296 491 risu
307 446 424 491 solvuntur
431 447 454 491 in
462 454 575 502 mortem
585 446 617 491 ita
625 444 711 491 effectis
720 443 847 489 remedium

176 518 211 556 est
222 524 252 556 ex
261 510 331 556 altero
341 510 421 557 bibere.
438 510 475 556 Ab
486 526 513 556 eo
524 516 604 562 tractu,
620 524 688 569 quern
703 508 760 554 ferae
776 507 848 552 inies·

176 582 233 628 tant,
245 574 341 635 proximi
352 582 404 621 sunt
415 574 603 635 Himantopodes,
610 573 688 619 inflexi
695 573 766 618 lentis
775 572 847 618 cruri-

177 641 226 692 bus,
238 654 295 700 quos
306 653 393 701 serpere
403 639 478 701 potius
492 654 559 699 qnam
570 638 657 699 ingredi
667 637 791 693 referrent,
806 637 846 682 de·

176 703 229 749 inde
252 702 362 757 Pharusii,
384 704 509 763 aliquando,
531 702 638 749 tendente
654 702 684 748 ad
703 700 847 763 Hesperidas

177 767 286 822 Hercule,
305 767 376 825 dites;
394 782 454 814 nunc
470 768 555 820 inculti,
575 777 605 820 et,
624 766 668 812 nisi
684 766 746 826 quod
763 780 847 827 pecore

177 832 274 886 aluntur,
292 832 411 878 admodum
428 832 514 894 inopes.
539 831 602 877 Hinc
613 832 662 893 μω
678 831 781 877 laetiores
798 830 846 891 egri

177 896 305 957 amoenique
313 897 382 943 saltus
390 898 467 949 ebeno,
477 896 607 947 terebintho,
616 903 639 941 et
647 896 715 941 ebore
723 894 846 941 abundant.

176 960 319 1023 Nigritamm
331 962 518 1022 Gaetuiorumque
527 961 610 1023 passim
621 958 754 1021 vagantium
770 974 802 1005 ne
818 959 846 1004 n-

177 1034 226 1072 tora
234 1024 323 1085 quidem
330 1025 448 1073 infecunda
456 1033 516 1078 sunt,
528 1022 626 1087 purpuris
636 1033 659 1070 et
670 1024 758 1069 murice
767 1024 845 1069 effice·

177 1090 271 1139 cissimis
282 1090 310 1137 ad
321 1090 470 1153 tingendum
486 1096 509 1135 et
520 1090 606 1150 ubique,
619 1104 670 1149 qnae
684 1086 782 1142 tinnire,
799 1089 844 1133 ele„

176 1154 270 1201 sissima.
287 1154 383 1215 Reliqua
398 1161 432 1201 est
448 1168 488 1199 ora
503 1153 647 1199 Mauritaniae
661 1152 767 1207 exterior,
787 1161 811 1198 et
820 1152 843 1198 in

176 1218 245 1266 finem
256 1218 290 1265 sui
300 1219 426 1281 instigantis
439 1234 463 1265 se
478 1218 565 1264 Africae
576 1218 711 1264 novissimus
726 1217 841 1279 angulum

175 1284 253 1330 iisdem
264 1284 348 1345 opibus,
361 1283 400 1330 sed
410 1284 484 1329 minus
495 1283 563 1329 dives.
584 1281 706 1335 Caeterum,
716 1282 766 1327 soio
775 1282 842 1328 etiarn

176 1348 249 1402 ditior,
262 1356 284 1394 et
292 1348 347 1395 adeo
357 1346 436 1394 fertilis
447 1355 489 1400 est,
502 1355 527 1393 ut
537 1347 628 1408 frugum
637 1361 728 1409 genera,
736 1361 783 1393 non
790 1362 842 1392 eum
920 1397 921 1400 Ἰ

177 1423 279 1459 seruntur
293 1414 368 1467 modo,
384 1412 543 1474 benignissime
556 1420 664 1473 procreet,
681 1411 720 1457 sed
738 1411 842 1471 quaedsrn

174 1478 296 1540 profundat
314 1478 380 1525 etiarn
397 1492 443 1524 non
465 1484 519 1523 sats.
550 1474 600 1523 Hie
620 1477 717 1523 Antaeus
734 1474 842 1537 regnisse

176 1542 264 1597 dicitur,
276 1549 299 1589 et
311 1542 411 1605 (signum
423 1542 484 1601 quod
496 1541 578 1588 fabulae
589 1542 672 1587 clarum
683 1539 788 1601 prorsus)
804 1556 841 1587 os·

176 1608 275 1654 tenditur
294 1607 357 1654 collis
376 1607 483 1659 modicus,
504 1606 602 1667 resupini
622 1605 719 1651 hominis
741 1604 839 1666 imagine

171 1673 274 1736 jacentis,
287 1671 352 1725 illius,
365 1678 390 1718 ut
403 1671 484 1717 incolae
497 1670 579 1724 ferunt,
594 1669 709 1726 tumulus;
725 1669 786 1715 unde
803 1670 838 1715 ub'

175 1738 249 1799 aliqua
259 1752 309 1800 pers
320 1744 384 1781 eruta
394 1744 435 1789 est,
448 1735 521 1781 solent
531 1736 612 1787 imbres
623 1734 705 1795 spargi,
716 1740 748 1787 et,
767 1734 837 1781 dones

176 1801 257 1849 eiibssa
274 1800 406 1863 repleantur,
427 1798 541 1847 eveniunt.
561 1798 688 1844 Hominum
702 1813 755 1859 psrs
771 1798 837 1845 silves

173 1865 324 1926 frequentant,
336 1866 417 1918 minus,
429 1879 496 1925 quam
507 1879 564 1923 quos
575 1863 641 1909 modo
652 1863 758 1915 diximus,
767 1863 834 1923 vagi:

173 1946 227 1993 pars
237 1931 260 1976 in
272 1931 360 1977 urbibus
371 1938 458 1991 agunt5
475 1944 576 1988 quarum,
586 1936 611 1974 ut
619 1929 677 1979 inter
685 1943 773 1988 parvus,
783 1943 838 1988 opu-

174 1994 304 2042 lentissimae
321 1996 434 2047 habentur,
450 1992 528 2055 procul
545 2009 558 2039 a
576 1992 632 2045 mari
650 1991 725 2045 Gildo,
744 1991 837 2037 Volubi-
919 2001 920 2006 ’

173 2060 208 2111 iis,
228 2057 354 2105 Prisciana:
373 2060 464 2125 propius
475 2065 550 2103 autem
562 2058 620 2117 Sais,
635 2066 657 2109 st
674 2056 734 2107 Lixo
751 2055 836 2103 flumini

174 2123 258 2189 Lynxo
274 2124 383 2189 proxima.
411 2122 477 2169 Ultra
492 2129 527 2168 est
540 2122 659 2174 coloniset
673 2120 757 2166 fluvius
775 2121 835 2175 Zilis,
919 2135 920 2186 p

173 2196 196 2234 et
214 2186 284 2248 (unde
300 2188 386 2233 initium
403 2184 508 2245 fecimus)
528 2185 665 2249 Ampelusia,
682 2186 705 2230 in
726 2184 834 2231 Nostrum

167 2253 216 2315 jairo
227 2251 308 2301 fretum
317 2266 412 2313 vergens
420 2251 605 2311 promontorium,
615 2250 687 2313 operis
695 2250 762 2313 hujus
770 2258 834 2311 atque

173 2316 282 2369 Atlantici
292 2316 364 2365 litoris
375 2316 490 2361 terminus.
