1859 2917
174 122 206 166 n
249 116 300 167 DE
317 116 525 175 amdonitio,
541 117 595 167 Ln-
605 117 627 166 13
647 116 764 168 Car-185

172 262 235 311 pum,
246 249 318 303 nmoln
329 248 443 295 Maeandri
453 250 530 306 exim;
547 248 655 296 Latmum
666 254 778 300 montem,
791 244 837 293 Eo·

172 312 284 372 dymionis
294 330 308 361 a
318 312 386 360 Luni
394 314 433 376 (ut
441 312 529 374 lentot)
541 314 638 360 adammi
647 312 725 361 sabuli
735 312 835 359 nobilem.

174 377 237 424 Dein
252 394 329 425 rursus
346 378 429 425 inflexa
443 380 515 439 cingit
528 380 605 425 urbem
622 378 729 431 Prienen,
745 384 770 423 et
781 375 840 423 Gaeal

174 441 273 489 fluminis
282 444 377 489 ostium:
390 458 495 503 moxque,
505 450 531 490 ut
537 444 622 505 majore
630 443 734 495 circuitu,
743 442 777 487 ita
784 441 842 502 plura

175 509 337 569 complectitur.
368 506 403 553 Ibi
413 516 449 555 est
460 506 602 561 Panionium,
619 523 683 555 aucta
698 506 771 567 regio,
785 513 809 551 et
818 505 842 550 olt

175 571 198 617 id
213 588 240 617 eo
255 574 346 619 nomine
357 572 472 633 appellata,
485 572 546 633 quod
555 588 604 619 enm
615 572 769 619 communiter
780 569 844 616 Ioocr

176 636 267 682 colunt:
281 638 309 682 ibi
318 651 332 683 a
342 637 450 698 fugitivis,
460 645 486 683 ut
493 637 563 691 aiunt,
575 638 665 683 condita
673 638 773 699 (nomen
783 634 846 681 lamae

176 699 265 761 annuit)
278 700 393 763 Phygelo:
407 702 436 747 ibi
447 702 559 763 Ephesus,
571 710 595 748 et
603 702 688 748 Dionae
698 701 846 747 clarissimum

177 766 294 826 templum,
312 766 371 827 quod
383 766 521 820 Amazones,
535 765 591 812 nsit
604 767 691 828 potitae,
703 762 848 812 connectite

176 830 308 876 traduntur:
326 832 356 877 ibi
369 828 481 891 Ciiyrtroo
491 832 578 877 arnoia:
597 831 627 877 ibi
638 829 752 883 Lebedos,
768 828 850 876 Clarii-

176 910 222 955 que
237 895 348 956 Apollinis
358 894 443 949 lanum,
455 896 516 956 quod
527 896 617 949 Manto,
629 895 728 942 Tireaiae
743 893 799 946 fitia,
816 892 851 938 lu-

177 960 243 1021 giens
255 960 350 1006 victores
361 959 519 1007 Thebanorum
531 960 665 1022 Epigonum
682 968 706 1006 et
718 957 849 1019 Colophon,

176 1038 246 1084 quam
262 1024 367 1085 Mopsus,
385 1025 484 1087 ejusdem
500 1025 598 1071 Mantds
611 1025 678 1077 filius,
696 1024 787 1069 statuit.
817 1022 850 1067 At
927 1013 928 1078 l

176 1089 364 1150 promontorium,
376 1105 421 1149 quo
432 1090 495 1136 sinuo
505 1090 621 1142 clauditur,
633 1090 696 1149 quod
706 1086 779 1134 niteni
789 1094 852 1148 parte

179 1153 255 1206 ulium,
272 1170 339 1214 quern
351 1154 493 1214 Smymaeum
509 1162 597 1208 vocant,
610 1154 685 1207 efficit,
702 1153 851 1213 angustiaque

178 1218 302 1264 cervicibus
314 1219 397 1278 reliqua
411 1220 512 1267 emendit
521 1220 545 1264 in
556 1219 630 1272 latiur,
643 1219 689 1263 abit
702 1219 728 1263 in
738 1231 807 1279 paene
817 1216 852 1261 in-

179 1283 236 1329 nulae
245 1282 333 1329 faciem.
353 1284 424 1345 Super
435 1284 557 1345 angustias,
569 1284 622 1329 hinc
632 1282 703 1337 Teos,
719 1282 784 1327 illinc
796 1278 851 1328 Cla·

180 1362 291 1400 zomenae,
311 1344 355 1407 qud
373 1354 437 1409 terga
455 1354 534 1410 agunt,
552 1347 650 1395 confinio
665 1361 763 1393 annexae
782 1345 850 1396 muri,

177 1410 272 1457 diversis
282 1410 392 1459 frontibus
403 1412 491 1459 diversa
501 1413 572 1459 maria
581 1418 733 1475 prospectant.
760 1408 791 1456 In
802 1407 853 1470 ipod

178 1490 244 1538 paeoc
254 1475 327 1523 inauli
336 1484 371 1523 est
380 1475 480 1539 Coryna.
508 1476 537 1523 In
549 1478 600 1524 sinu
611 1478 733 1537 Smymaeo
741 1482 777 1521 eat
786 1474 852 1519 Her-

180 1555 231 1586 mus
247 1542 325 1597 amnis,
343 1548 367 1589 et
382 1543 435 1589 urbo
449 1540 540 1590 Iaeuca:
560 1549 632 1598 extra,
649 1540 757 1595 Phocoe,
774 1537 851 1586 Ionia

362 1865 423 1917 Cnr.
435 1824 536 1915 XVIIl.
542 1868 665 1916 -AEolt‘n

214 1989 322 2039 Proxima
340 1992 411 2055 regio,
429 2006 458 2039 ex
475 2008 520 2056 quo
538 1994 567 2039 ub
583 1992 666 2039 AEoliis
684 1991 754 2038 incoli
772 1991 851 2053 ooepit.

181 2056 256 2103 AEolis
271 2056 337 2112 facto,
355 2065 407 2103 autc
424 2055 510 2117 Mysia,
526 2064 557 2111 et,
569 2056 614 2117 qud
622 2056 800 2117 Hellespontum
817 2064 853 2100 at-

181 2122 256 2183 tingit,
272 2121 377 2185 Trojanio
393 2122 565 2181 possidentibus,
582 2120 656 2167 Trous
670 2120 720 2166 fuit.
749 2118 852 2166 Primam

180 2186 276 2239 urbium,
294 2186 413 2245 aMyrino
428 2186 551 2238 conditore,
567 2185 684 2245 Myrinam
697 2192 795 2232 vocant:
816 2199 852 2230 ec-

180 2257 286 2310 quentem
301 2248 384 2311 Pelops
398 2251 483 2304 statuit,
499 2250 560 2296 victo
572 2250 687 2297 OEnomno
702 2264 809 2296 reveritus
823 2262 852 2294 cx

182 2313 287 2361 Graecii:
308 2310 397 2373 Cymen
418 2314 549 2369 nominavit,
571 2314 641 2376 pulsis
659 2314 697 2375 qui
717 2312 851 2366 habitirant,

180 2378 228 2423 dux
238 2379 385 2425 Amazonum
397 2376 479 2438 Cyme.
504 2380 585 2441 Supra,
597 2377 682 2426 Caicus
692 2379 752 2425 iuter
762 2378 854 2424 Elaemn

181 2443 280 2489 decurrit
297 2449 319 2488 et
335 2441 439 2494 Pitanen,
456 2442 517 2488 illam
527 2459 580 2503 quae
590 2444 708 2489 Arcesilan
720 2443 781 2496 tulit,
797 2443 854 2488 nihil

182 2506 312 2553 affirmantia
327 2506 458 2552 Academiae
472 2506 619 2554 clarissimum
631 2508 763 2554 antinitem.
790 2506 854 2553 Tum

180 2568 205 2613 ln
223 2570 376 2631 promontorio
395 2576 430 2615 est
449 2568 514 2617 ema
533 2572 654 2632 oppidum:
678 2572 740 2633 quod
759 2580 856 2632 praetor·

181 2642 266 2687 vector,
285 2634 346 2681 tinus
357 2633 446 2695 excipit,
464 2648 509 2680 non
520 2650 612 2695 pronus,
626 2636 666 2683 sod
676 2637 747 2699 longe
758 2651 785 2682 ac
795 2636 856 2682 mol·
