1859 2917
165 142 198 187 ss
344 132 431 183 xvn.
451 119 656 185 Aeminius

168 262 702 328 candotenegiohistuaporibusmulto
721 264 841 325 puniretar

167 330 350 394 locupletissime,
368 346 396 379 eo
412 329 554 392 potissimum
571 331 648 377 hostes
665 328 778 391 impeturn
794 327 840 375 iao·

168 405 240 451 turos,
252 410 332 443 omnes
342 410 394 443 suns
405 394 481 457 copias
491 410 519 442 eo
532 400 681 442 oounuerat.
707 393 750 439 At.
757 391 842 455 Agat

164 462 218 510 'lius
232 462 256 507 ia
271 460 397 523 Phrygiam
411 475 436 507 ae
446 459 572 518 convertit;
588 474 682 520 eamque
695 457 760 520 prius
774 458 842 519 depo-

169 526 260 589 pulatus
270 532 313 579 est,
328 539 397 586 quern
411 522 574 586 nsupnmes
588 538 683 585 usquam
692 538 720 569 sc
729 528 841 569 moueret

170 588 261 652 Magni
270 588 347 652 predi
356 589 462 637 militibus
471 588 619 651 locupletatis,
629 587 749 650 Ephesum
756 586 844 635 hiema·

170 662 220 701 tum
231 655 355 702 exercitum
371 654 476 711 reduxit3
492 661 560 715 atque
573 654 603 700 riri
618 652 714 699 officinis
727 664 843 699 armorum

170 719 286 775 institutis,
298 718 382 783 magni
391 715 501 765 industrii
509 719 593 765 bellum
602 717 724 780 apparavit.
743 716 787 771 Et,
799 731 844 777 quo

170 785 292 831 studiosius
302 790 447 837 armarentur,
464 782 621 845 insigm'usque
630 788 773 835 ornarentur,
786 794 845 843 prse-

170 849 216 901 inis
226 849 349 911 proposuit,
361 849 440 909 quibus
451 847 595 901 donuentur,
607 861 703 908 quorum
713 846 811 908 egregia
820 846 844 892 ia

171 911 199 961 ei
209 929 234 961 re
243 912 323 960 fuisset
332 910 448 959 industria.
475 910 541 958 Fecit
551 911 610 959 idem
620 911 645 957 in
654 910 844 958 exercitationum

171 978 299 1041 generibus,
314 984 346 1031 ot,
363 976 402 1037 qui
416 976 505 1023 caeteris
519 976 684 1037 praestitissent,
700 975 845 1037 eos-magnis
919 1015 920 1018 ,

171 1043 270 1089 afficeret
284 1041 423 1089 muneribus
448 1039 496 1087 Hir
510 1040 581 1103 igion
596 1041 663 1088 rebus
677 1037 761 1094 effecit,
778 1047 806 1086 nt
822 1042 846 1086 et
919 1073 920 1082 ,

171 1106 339 1154 utitatissimum
352 1112 377 1153 et
388 1104 598 1155 aeduensium
607 1106 700 1152 haberet
708 1104 843 1151 ascitum.
919 1109 920 1112 ’

172 1170 304 1219 Huiccuun
321 1169 846 1233 tempnsessatvisumcopissextrahereex

171 1232 329 1291 hibernaculis,¹
340 1236 403 1289 vidit,
420 1235 447 1289 si,
462 1249 509 1295 quo
519 1242 579 1282 aaa
588 1234 632 1283 iter
644 1233 753 1289 &uirus
768 1234 845 1296 palm

170 1300 344 1381 pronpniiisset,
353 1302 430 1347 hostes
436 1314 483 1347 non
491 1299 622 1351 credituros,
630 1298 730 1360 uiasque
736 1299 846 1360 regiones

171 1366 280 1429 praesidiis
290 1372 444 1427 occupaturos,
457 1379 500 1411 nec
509 1364 655 1419 dubitaturos,
667 1363 727 1410 aliud
737 1378 790 1411 esse
796 1362 846 1410 fao-

172 1439 256 1485 turum,
268 1445 294 1477 ac
305 1428 478 1492 pronuntiisset·
492 1427 581 1489 Itaque,
593 1444 645 1475 cum
655 1429 695 1475 ilie
705 1428 790 1476 Sardes
799 1428 847 1474 itu·

172 1510 222 1543 rum
231 1510 256 1541 se
266 1494 365 1549 dixisset,
377 1492 541 1557 Tissaphernes
550 1494 652 1541 eamdem
663 1492 756 1541 Cariam
766 1491 846 1539 deien-

171 1560 267 1607 dendsm
277 1559 373 1621 putavit.
396 1557 426 1605 In
440 1574 485 1621 quo
500 1573 553 1606 cum
567 1574 620 1605 euna
633 1558 708 1620 opinio
718 1556 845 1612 fefellisset,

171 1625 302 1686 uictumque
312 1640 338 1671 se
347 1624 440 1672 vidisset
448 1623 550 1677 consilio,
561 1638 613 1670 sero
623 1623 670 1670 suia
677 1621 783 1685 presidio
790 1638 846 1684 pro·

170 1688 244 1737 iectus
258 1696 307 1737 ests
329 1704 390 1744 nam,
405 1704 457 1736 cum
471 1688 512 1735 isso
525 1688 632 1742 venisset,
646 1688 695 1751 jam
709 1686 844 1750 Agesiliiua,

170 1756 248 1803 multis
264 1755 320 1803 locis
336 1754 479 1817 expugnatis,
495 1751 580 1815 magni
594 1760 643 1801 erat
656 1749 733 1814 praedi
746 1752 843 1814 potitius

171 1818 235 1867 Luco
251 1828 334 1874 autem,
352 1835 405 1869 cnm
420 1818 508 1867 videret
521 1820 598 1865 hostes
612 1818 714 1879 equitatu
730 1832 843 1879 superare

170 1898 286 1943 nunquam
295 1885 320 1931 in
331 1900 410 1947 campo
421 1884 456 1931 sui
465 1883 523 1933 fecit
536 1890 670 1945 potestaten
674 1899 683 1941 3
699 1888 724 1929 et
736 1882 773 1929 his
786 1882 845 1929 los'n

170 1960 263 1995 manum
274 1950 395 2004 conseruit,
410 1949 492 2011 quibus
505 1949 556 2011 plus
569 1948 683 2011 pedestres
696 1946 770 2009 copise
779 1947 843 1995 vals·

170 2020 229 2060 rent.
256 2012 348 2075 Pepulit
361 2028 425 2076 ergo,
444 2015 629 2075 quotiescumque
645 2026 783 2075 congressus
798 2018 841 2064 etis

171 2078 244 2125 multo
254 2079 350 2141 majores
360 2078 539 2126 adversariorum
553 2079 644 2141 copiaa;
660 2085 685 2126 et
698 2076 732 2124 sic
746 2076 771 2123 ia
786 2073 844 2123 Asis

73 2158 75 2163 ·
171 2150 275 2189 versatus
283 2150 327 2198 est,
340 2150 366 2191 ut
377 2145 478 2191 omnium
489 2144 595 2206 opinione
604 2144 679 2191 victor
688 2141 817 2189 dumus.

204 2204 251 2253 IV.
270 2206 322 2255 Hic
333 2224 384 2256 cum
394 2210 444 2273 jam
454 2209 531 2257 enimc
540 2209 686 2257 meditaretur
696 2205 809 2269 proficisci
819 2207 843 2252 in

170 2270 260 2327 Persas,
283 2280 308 2321 ct
325 2274 399 2336 ipsum
417 2290 496 2337 regem
514 2274 603 2329 adoriri,
622 2273 715 2320 nuntius
734 2270 756 2319 ei
775 2272 843 2318 domo

171 2337 236 2383 venit
243 2338 351 2400 ephordm
366 2340 443 2393 missu,
452 2340 539 2387 bellum
550 2339 702 2386 Athenienses
712 2343 737 2383 et
745 2334 853 2393 Boeotos,

170 2402 278 2451 indixisse
292 2402 485 2452 Lacedaemoniis:
504 2419 574 2465 quare
588 2404 666 2451 venire
679 2418 709 2449 ne
721 2402 840 2449 dubitaret.

170 2464 200 2515 In
211 2468 255 2514 hoc
266 2483 312 2514 non
323 2468 398 2515 minus
410 2466 482 2533 [ejus]
493 2470 564 2531 pistos
571 2468 760 2531 suspiciendaest,
773 2481 842 2528 quam

170 2530 243 2580 virtus
259 2532 353 2591 beliioa3
373 2534 419 2595 qui,
438 2550 490 2580 cum
506 2534 586 2581 victori
602 2539 714 2596 preesset
724 2531 843 2584 exercitui

88 2648 89 2653 ¹
171 2595 337 2658 maximamque
355 2598 446 2645 haberet
462 2598 566 2645 fiduciam
583 2600 649 2661 regni
665 2596 787 2645 Persarum
803 2612 846 2658 po-

171 2657 253 2714 tiundi,
263 2660 326 2711 tanta
335 2660 446 2722 modestii·
456 2663 516 2711 dicto
528 2664 621 2719 audiena
630 2662 751 2727 suijuris
763 2662 846 2711 absent
