<?xml version="1.0" encoding="UTF-8"?>
<!DOCTYPE html PUBLIC "-//W3C//DTD XHTML 1.0 Transitional//EN"
    "http://www.w3.org/TR/xhtml1/DTD/xhtml1-transitional.dtd">
<html xmlns="http://www.w3.org/1999/xhtml" xml:lang="en" lang="en">
 <head>
  <title>
</title>
<meta http-equiv="Content-Type" content="text/html;charset=utf-8" />
  <meta name='ocr-system' content='tesseract 3.04.00' />
  <meta name='ocr-capabilities' content='ocr_page ocr_carea ocr_par ocr_line ocrx_word'/>
</head>
<body>
  <div class='ocr_page' id='page_1' title='image "./corneliineoptis00melagoog_0142.png"; bbox 0 0 1859 2917; ppageno 0'>
   <div class='ocr_carea' id='block_1_1' title="bbox 149 77 737 134">
    <p class='ocr_par' dir='ltr' id='par_1_1' title="bbox 149 77 737 134">
     <span class='ocr_line' id='line_1_1' title="bbox 149 77 737 134; baseline 0.002 -8"><span class='ocrx_word' id='word_1_1' title='bbox 149 82 180 126; x_wconf 87' lang='grc'><strong>18</strong></span> <span class='ocrx_word' id='word_1_2' title='bbox 229 78 278 127; x_wconf 90' lang='lat' dir='ltr'><strong>DE</strong></span> <span class='ocrx_word' id='word_1_3' title='bbox 295 77 376 128; x_wconf 87' lang='lat' dir='ltr'><strong>SITU</strong></span> <span class='ocrx_word' id='word_1_4' title='bbox 393 78 502 134; x_wconf 77' lang='lat' dir='ltr'><strong>OBBIS,</strong></span> <span class='ocrx_word' id='word_1_5' title='bbox 521 77 574 127; x_wconf 72' lang='lat' dir='ltr'><strong>Lm</strong></span> <span class='ocrx_word' id='word_1_6' title='bbox 585 78 606 127; x_wconf 90' lang='lat'><strong>1.</strong></span> <span class='ocrx_word' id='word_1_7' title='bbox 623 77 686 128; x_wconf 71' lang='lat' dir='ltr'><strong>Car.</strong></span> <span class='ocrx_word' id='word_1_8' title='bbox 698 82 737 127; x_wconf 80' lang='grc'><strong>18.</strong></span> 
     </span>
    </p>
   </div>
   <div class='ocr_carea' id='block_1_2' title="bbox 148 204 823 1428">
    <p class='ocr_par' dir='ltr' id='par_1_2' title="bbox 148 204 823 1428">
     <span class='ocr_line' id='line_1_2' title="bbox 149 204 817 271; baseline 0 -18"><span class='ocrx_word' id='word_1_9' title='bbox 149 207 237 267; x_wconf 87' lang='lat' dir='ltr'><strong>quando</strong></span> <span class='ocrx_word' id='word_1_10' title='bbox 248 207 327 263; x_wconf 77' lang='lat' dir='ltr'><strong>insula,</strong></span> <span class='ocrx_word' id='word_1_11' title='bbox 340 221 400 254; x_wconf 89' lang='lat' dir='ltr'><strong>nunc</strong></span> <span class='ocrx_word' id='word_1_12' title='bbox 411 204 683 271; x_wconf 82' lang='lat' dir='ltr'><strong>annexsterris[deticit,]</strong></span> <span class='ocrx_word' id='word_1_13' title='bbox 692 204 817 268; x_wconf 72' lang='lat' dir='ltr'><strong>qutubim-</strong></span> 
     </span>
     <span class='ocr_line' id='line_1_3' title="bbox 148 270 817 334; baseline 0.001 -18"><span class='ocrx_word' id='word_1_14' title='bbox 148 278 265 333; x_wconf 81' lang='lat' dir='ltr'>pugnante</span> <span class='ocrx_word' id='word_1_15' title='bbox 276 272 388 332; x_wconf 86' lang='lat' dir='ltr'><strong>quondam</strong></span> <span class='ocrx_word' id='word_1_16' title='bbox 400 272 530 318; x_wconf 86' lang='lat' dir='ltr'><strong>Alexandro</strong></span> <span class='ocrx_word' id='word_1_17' title='bbox 539 274 602 334; x_wconf 86' lang='lat' dir='ltr'><strong>jacta</strong></span> <span class='ocrx_word' id='word_1_18' title='bbox 613 285 686 332; x_wconf 80' lang='lat' dir='ltr'><strong>opera.</strong></span> <span class='ocrx_word' id='word_1_19' title='bbox 715 270 770 317; x_wconf 84' lang='lat' dir='ltr'>Vici</span> <span class='ocrx_word' id='word_1_20' title='bbox 785 279 817 317; x_wconf 88' lang='lat' dir='ltr'><strong>ta-</strong></span> 
     </span>
     <span class='ocr_line' id='line_1_4' title="bbox 149 336 817 397; baseline 0.001 -16"><span class='ocrx_word' id='word_1_21' title='bbox 149 342 205 381; x_wconf 83' lang='lat' dir='ltr'><strong>nent</strong></span> <span class='ocrx_word' id='word_1_22' title='bbox 215 336 332 382; x_wconf 80' lang='lat' dir='ltr'><strong>ulteriora:</strong></span> <span class='ocrx_word' id='word_1_23' title='bbox 352 344 375 382; x_wconf 88' lang='lat' dir='ltr'><strong>et</strong></span> <span class='ocrx_word' id='word_1_24' title='bbox 389 337 461 383; x_wconf 87' lang='lat' dir='ltr'><strong>adhuc</strong></span> <span class='ocrx_word' id='word_1_25' title='bbox 475 338 581 397; x_wconf 86' lang='lat' dir='ltr'><strong>opulenta</strong></span> <span class='ocrx_word' id='word_1_26' title='bbox 596 337 681 392; x_wconf 84' lang='lat' dir='ltr'><strong>Sidon3</strong></span> <span class='ocrx_word' id='word_1_27' title='bbox 699 342 817 396; x_wconf 80' lang='lat' dir='ltr'><strong>antequam</strong></span> 
     </span>
     <span class='ocr_line' id='line_1_5' title="bbox 149 400 819 461; baseline 0.003 -16"><span class='ocrx_word' id='word_1_28' title='bbox 149 416 164 446; x_wconf 89' lang='lat' dir='ltr'><strong>a</strong></span> <span class='ocrx_word' id='word_1_29' title='bbox 183 400 259 446; x_wconf 90' lang='lat' dir='ltr'><strong>Persis</strong></span> <span class='ocrx_word' id='word_1_30' title='bbox 279 408 400 461; x_wconf 88' lang='lat' dir='ltr'><strong>caperetur,</strong></span> <span class='ocrx_word' id='word_1_31' title='bbox 421 402 581 447; x_wconf 87' lang='lat' dir='ltr'><strong>maritimarum</strong></span> <span class='ocrx_word' id='word_1_32' title='bbox 602 401 689 446; x_wconf 91' lang='lat' dir='ltr'><strong>urbium</strong></span> <span class='ocrx_word' id='word_1_33' title='bbox 713 402 819 447; x_wconf 84' lang='lat' dir='ltr'><strong>maxima.</strong></span> 
     </span>
     <span class='ocr_line' id='line_1_6' title="bbox 149 462 820 575; baseline -0.001 -64"><span class='ocrx_word' id='word_1_34' title='bbox 149 465 187 511; x_wconf 89' lang='lat' dir='ltr'><strong>Ab</strong></span> <span class='ocrx_word' id='word_1_35' title='bbox 204 462 230 511; x_wconf 70' lang='lat' dir='ltr'><strong>ed</strong></span> <span class='ocrx_word' id='word_1_36' title='bbox 246 465 274 511; x_wconf 94' lang='lat' dir='ltr'><strong>ad</strong></span> <span class='ocrx_word' id='word_1_37' title='bbox 289 466 467 525; x_wconf 82' lang='lat' dir='ltr'><strong>promontorium</strong></span> <span class='ocrx_word' id='word_1_38' title='bbox 483 466 634 527; x_wconf 90' lang='lat' dir='ltr'><strong>Euprosopon</strong></span> <span class='ocrx_word' id='word_1_39' title='bbox 650 465 694 509; x_wconf 92' lang='lat' dir='ltr'><strong>duo</strong></span> <span class='ocrx_word' id='word_1_40' title='bbox 710 472 820 575; x_wconf 69' lang='lat' dir='ltr'><strong>suntpp·</strong></span> 
     </span>
     <span class='ocr_line' id='line_1_7' title="bbox 149 528 821 591; baseline 0.003 -18"><span class='ocrx_word' id='word_1_41' title='bbox 149 529 207 591; x_wconf 86' lang='lat' dir='ltr'><strong>pida,</strong></span> <span class='ocrx_word' id='word_1_42' title='bbox 226 529 312 589; x_wconf 86' lang='lat' dir='ltr'><strong>Byblos</strong></span> <span class='ocrx_word' id='word_1_43' title='bbox 326 537 349 574; x_wconf 93' lang='lat' dir='ltr'><strong>et</strong></span> <span class='ocrx_word' id='word_1_44' title='bbox 363 529 464 589; x_wconf 80' lang='lat' dir='ltr'><strong>Botrys:</strong></span> <span class='ocrx_word' id='word_1_45' title='bbox 484 530 543 575; x_wconf 88' lang='lat' dir='ltr'><strong>ultra</strong></span> <span class='ocrx_word' id='word_1_46' title='bbox 553 530 596 575; x_wconf 88' lang='lat' dir='ltr'><strong>tria</strong></span> <span class='ocrx_word' id='word_1_47' title='bbox 605 528 704 582; x_wconf 85' lang='lat' dir='ltr'><strong>fuerunt,</strong></span> <span class='ocrx_word' id='word_1_48' title='bbox 724 530 778 591; x_wconf 85' lang='lat' dir='ltr'>sing</span> <span class='ocrx_word' id='word_1_49' title='bbox 802 531 821 575; x_wconf 89' lang='lat' dir='ltr'><strong>&#39;s</strong></span> 
     </span>
     <span class='ocr_line' id='line_1_8' title="bbox 149 593 822 655; baseline 0.003 -17"><span class='ocrx_word' id='word_1_50' title='bbox 149 594 208 639; x_wconf 88' lang='lat' dir='ltr'><strong>inter</strong></span> <span class='ocrx_word' id='word_1_51' title='bbox 226 609 250 639; x_wconf 89' lang='lat' dir='ltr'><strong>se</strong></span> <span class='ocrx_word' id='word_1_52' title='bbox 265 594 341 639; x_wconf 87' lang='lat' dir='ltr'><strong>stadiis</strong></span> <span class='ocrx_word' id='word_1_53' title='bbox 356 593 474 648; x_wconf 91' lang='lat' dir='ltr'><strong>distantia;</strong></span> <span class='ocrx_word' id='word_1_54' title='bbox 491 593 556 639; x_wconf 88' lang='lat' dir='ltr'><strong>locus</strong></span> <span class='ocrx_word' id='word_1_55' title='bbox 569 608 599 639; x_wconf 85' lang='lat' dir='ltr'><strong>ex</strong></span> <span class='ocrx_word' id='word_1_56' title='bbox 613 608 709 639; x_wconf 87' lang='lat' dir='ltr'><strong>numero</strong></span> <span class='ocrx_word' id='word_1_57' title='bbox 721 593 822 655; x_wconf 80' lang='lat' dir='ltr'><strong>Tripolis</strong></span> 
     </span>
     <span class='ocr_line' id='line_1_9' title="bbox 150 658 822 717; baseline 0.003 -14"><span class='ocrx_word' id='word_1_58' title='bbox 150 658 244 703; x_wconf 87' lang='lat' dir='ltr'><strong>dicitur:</strong></span> <span class='ocrx_word' id='word_1_59' title='bbox 265 666 312 703; x_wconf 89' lang='lat' dir='ltr'><strong>turn</strong></span> <span class='ocrx_word' id='word_1_60' title='bbox 329 658 418 717; x_wconf 83' lang='lat' dir='ltr'><strong>Simyra</strong></span> <span class='ocrx_word' id='word_1_61' title='bbox 429 658 553 710; x_wconf 86' lang='lat' dir='ltr'><strong>castellum,</strong></span> <span class='ocrx_word' id='word_1_62' title='bbox 569 665 592 703; x_wconf 92' lang='lat' dir='ltr'><strong>et</strong></span> <span class='ocrx_word' id='word_1_63' title='bbox 602 658 655 703; x_wconf 90' lang='lat' dir='ltr'><strong>urbs</strong></span> <span class='ocrx_word' id='word_1_64' title='bbox 667 673 715 703; x_wconf 91' lang='lat' dir='ltr'><strong>non</strong></span> <span class='ocrx_word' id='word_1_65' title='bbox 726 660 822 705; x_wconf 83' lang='lat' dir='ltr'><strong>obscura</strong></span> 
     </span>
     <span class='ocr_line' id='line_1_10' title="bbox 149 720 822 784; baseline 0.001 -16"><span class='ocrx_word' id='word_1_66' title='bbox 149 720 276 768; x_wconf 80' lang='lat' dir='ltr'><strong>Marathos.</strong></span> <span class='ocrx_word' id='word_1_67' title='bbox 295 720 353 767; x_wconf 85' lang='lat' dir='ltr'><strong>Inde</strong></span> <span class='ocrx_word' id='word_1_68' title='bbox 358 723 407 784; x_wconf 83' lang='lat' dir='ltr'><strong>jam</strong></span> <span class='ocrx_word' id='word_1_69' title='bbox 419 736 465 766; x_wconf 92' lang='lat' dir='ltr'><strong>non</strong></span> <span class='ocrx_word' id='word_1_70' title='bbox 477 723 566 781; x_wconf 84' lang='lat' dir='ltr'><strong>obliqua</strong></span> <span class='ocrx_word' id='word_1_71' title='bbox 572 723 661 783; x_wconf 83' lang='lat' dir='ltr'><strong>pelago,</strong></span> <span class='ocrx_word' id='word_1_72' title='bbox 674 723 715 767; x_wconf 90' lang='lat' dir='ltr'><strong>sed</strong></span> <span class='ocrx_word' id='word_1_73' title='bbox 726 722 822 769; x_wconf 85' lang='lat' dir='ltr'><strong>adversa</strong></span> 
     </span>
     <span class='ocr_line' id='line_1_11' title="bbox 149 785 822 848; baseline 0.001 -15"><span class='ocrx_word' id='word_1_74' title='bbox 149 787 252 848; x_wconf 81' lang='lat' dir='ltr'><strong>adjacens</strong></span> <span class='ocrx_word' id='word_1_75' title='bbox 266 786 336 843; x_wconf 69' lang='lat' dir='ltr'><strong>Asia„</strong></span> <span class='ocrx_word' id='word_1_76' title='bbox 348 785 455 847; x_wconf 85' lang='lat' dir='ltr'><strong>grandem</strong></span> <span class='ocrx_word' id='word_1_77' title='bbox 471 786 545 831; x_wconf 87' lang='lat' dir='ltr'><strong>sinum</strong></span> <span class='ocrx_word' id='word_1_78' title='bbox 559 786 643 832; x_wconf 83' lang='lat' dir='ltr'><strong>inflexo</strong></span> <span class='ocrx_word' id='word_1_79' title='bbox 657 794 734 832; x_wconf 84' lang='lat' dir='ltr'><strong>tractu</strong></span> <span class='ocrx_word' id='word_1_80' title='bbox 749 788 822 835; x_wconf 87' lang='lat' dir='ltr'><strong>litoris</strong></span> 
     </span>
     <span class='ocr_line' id='line_1_12' title="bbox 149 850 823 912; baseline 0.004 -16"><span class='ocrx_word' id='word_1_81' title='bbox 149 852 235 912; x_wconf 85' lang='lat' dir='ltr'><strong>accipit.</strong></span> <span class='ocrx_word' id='word_1_82' title='bbox 265 850 345 911; x_wconf 90' lang='lat' dir='ltr'><strong>Populi</strong></span> <span class='ocrx_word' id='word_1_83' title='bbox 357 850 413 896; x_wconf 92' lang='lat' dir='ltr'><strong>dites</strong></span> <span class='ocrx_word' id='word_1_84' title='bbox 424 850 594 910; x_wconf 83' lang='lat' dir='ltr'><strong>circumsident:</strong></span> <span class='ocrx_word' id='word_1_85' title='bbox 607 852 665 908; x_wconf 82' lang='lat' dir='ltr'><strong>situs</strong></span> <span class='ocrx_word' id='word_1_86' title='bbox 676 850 755 905; x_wconf 80' lang='lat' dir='ltr'><strong>efficit,</strong></span> <span class='ocrx_word' id='word_1_87' title='bbox 768 854 823 912; x_wconf 84' lang='lat' dir='ltr'><strong>qnia</strong></span> 
     </span>
     <span class='ocr_line' id='line_1_13' title="bbox 149 914 821 976; baseline 0.003 -15"><span class='ocrx_word' id='word_1_88' title='bbox 149 916 211 976; x_wconf 86' lang='lat' dir='ltr'><strong>regio</strong></span> <span class='ocrx_word' id='word_1_89' title='bbox 221 914 306 967; x_wconf 86' lang='lat' dir='ltr'><strong>fertilis,</strong></span> <span class='ocrx_word' id='word_1_90' title='bbox 320 915 401 960; x_wconf 82' lang='lat' dir='ltr'><strong>crebris</strong></span> <span class='ocrx_word' id='word_1_91' title='bbox 412 923 434 960; x_wconf 88' lang='lat' dir='ltr'><strong>ct</strong></span> <span class='ocrx_word' id='word_1_92' title='bbox 446 915 606 976; x_wconf 83' lang='lat' dir='ltr'><strong>navigabilibus</strong></span> <span class='ocrx_word' id='word_1_93' title='bbox 617 916 687 960; x_wconf 88' lang='lat' dir='ltr'><strong>alveis</strong></span> <span class='ocrx_word' id='word_1_94' title='bbox 698 915 821 963; x_wconf 90' lang='lat' dir='ltr'><strong>fluminum</strong></span> 
     </span>
     <span class='ocr_line' id='line_1_14' title="bbox 148 978 822 1041; baseline 0.006 -18"><span class='ocrx_word' id='word_1_95' title='bbox 148 980 232 1041; x_wconf 82' lang='lat' dir='ltr'><strong>pervia,</strong></span> <span class='ocrx_word' id='word_1_96' title='bbox 245 978 342 1024; x_wconf 89' lang='lat' dir='ltr'><strong>diversas</strong></span> <span class='ocrx_word' id='word_1_97' title='bbox 353 995 407 1040; x_wconf 91' lang='lat' dir='ltr'><strong>opes</strong></span> <span class='ocrx_word' id='word_1_98' title='bbox 417 980 485 1025; x_wconf 91' lang='lat' dir='ltr'><strong>maris</strong></span> <span class='ocrx_word' id='word_1_99' title='bbox 496 988 562 1040; x_wconf 90' lang='lat' dir='ltr'><strong>atque</strong></span> <span class='ocrx_word' id='word_1_100' title='bbox 569 987 678 1025; x_wconf 80' lang='lat' dir='ltr'><strong>terrarum</strong></span> <span class='ocrx_word' id='word_1_101' title='bbox 687 979 748 1026; x_wconf 83' lang='lat' dir='ltr'><strong>facili</strong></span> <span class='ocrx_word' id='word_1_102' title='bbox 757 997 822 1027; x_wconf 86' lang='lat' dir='ltr'><strong>corn-</strong></span> 
     </span>
     <span class='ocr_line' id='line_1_15' title="bbox 148 1042 822 1107; baseline 0.006 -18"><span class='ocrx_word' id='word_1_103' title='bbox 148 1044 232 1089; x_wconf 88' lang='lat' dir='ltr'><strong>mercio</strong></span> <span class='ocrx_word' id='word_1_104' title='bbox 247 1051 359 1105; x_wconf 87' lang='lat' dir='ltr'><strong>pennutat</strong></span> <span class='ocrx_word' id='word_1_105' title='bbox 373 1059 398 1089; x_wconf 82' lang='lat' dir='ltr'><strong>ao</strong></span> <span class='ocrx_word' id='word_1_106' title='bbox 413 1044 500 1091; x_wconf 81' lang='lat' dir='ltr'><strong>miscet.</strong></span> <span class='ocrx_word' id='word_1_107' title='bbox 527 1042 557 1089; x_wconf 89' lang='lat' dir='ltr'><strong>In</strong></span> <span class='ocrx_word' id='word_1_108' title='bbox 568 1060 595 1091; x_wconf 89' lang='lat' dir='ltr'><strong>eo</strong></span> <span class='ocrx_word' id='word_1_109' title='bbox 606 1046 678 1105; x_wconf 89' lang='lat' dir='ltr'><strong>prima</strong></span> <span class='ocrx_word' id='word_1_110' title='bbox 688 1052 724 1089; x_wconf 90' lang='lat' dir='ltr'><strong>est</strong></span> <span class='ocrx_word' id='word_1_111' title='bbox 735 1046 822 1107; x_wconf 86' lang='lat' dir='ltr'><strong>reliqua</strong></span> 
     </span>
     <span class='ocr_line' id='line_1_16' title="bbox 148 1105 822 1171; baseline 0.004 -17"><span class='ocrx_word' id='word_1_112' title='bbox 148 1124 200 1171; x_wconf 91' lang='lat' dir='ltr'><strong>pars</strong></span> <span class='ocrx_word' id='word_1_113' title='bbox 216 1109 295 1169; x_wconf 85' lang='lat' dir='ltr'><strong>Syriae,</strong></span> <span class='ocrx_word' id='word_1_114' title='bbox 314 1108 349 1154; x_wconf 89' lang='lat' dir='ltr'><strong>cui</strong></span> <span class='ocrx_word' id='word_1_115' title='bbox 362 1105 490 1155; x_wconf 76' lang='lat' dir='ltr'><strong>Antiochiae</strong></span> <span class='ocrx_word' id='word_1_116' title='bbox 501 1124 628 1170; x_wconf 87' lang='lat' dir='ltr'><strong>cognomen</strong></span> <span class='ocrx_word' id='word_1_117' title='bbox 640 1109 742 1155; x_wconf 82' lang='lat' dir='ltr'><strong>additur:</strong></span> <span class='ocrx_word' id='word_1_118' title='bbox 762 1112 822 1157; x_wconf 86' lang='lat' dir='ltr'><strong>etin</strong></span> 
     </span>
     <span class='ocr_line' id='line_1_17' title="bbox 150 1172 820 1235; baseline 0 -16"><span class='ocrx_word' id='word_1_119' title='bbox 150 1172 190 1219; x_wconf 74' lang='lat' dir='ltr'><strong>ora</strong></span> <span class='ocrx_word' id='word_1_120' title='bbox 201 1176 249 1235; x_wconf 75' lang='lat' dir='ltr'><strong>eJus</strong></span> <span class='ocrx_word' id='word_1_121' title='bbox 264 1174 335 1227; x_wconf 83' lang='lat' dir='ltr'><strong>urbes,</strong></span> <span class='ocrx_word' id='word_1_122' title='bbox 354 1173 461 1226; x_wconf 81' lang='lat' dir='ltr'><strong>Seleucia,</strong></span> <span class='ocrx_word' id='word_1_123' title='bbox 475 1173 561 1230; x_wconf 88' lang='lat' dir='ltr'><strong>Paltos,</strong></span> <span class='ocrx_word' id='word_1_124' title='bbox 573 1174 679 1234; x_wconf 85' lang='lat' dir='ltr'><strong>Berytos,</strong></span> <span class='ocrx_word' id='word_1_125' title='bbox 696 1172 820 1230; x_wconf 84' lang='lat' dir='ltr'><strong>Laodicea,</strong></span> 
     </span>
     <span class='ocr_line' id='line_1_18' title="bbox 149 1236 822 1299; baseline 0.003 -15"><span class='ocrx_word' id='word_1_126' title='bbox 149 1238 256 1295; x_wconf 82' lang='lat' dir='ltr'><strong>Rhosos3</strong></span> <span class='ocrx_word' id='word_1_127' title='bbox 274 1253 399 1299; x_wconf 81' lang='lat' dir='ltr'><strong>amnesque,</strong></span> <span class='ocrx_word' id='word_1_128' title='bbox 419 1239 458 1299; x_wconf 91' lang='lat' dir='ltr'><strong>qui</strong></span> <span class='ocrx_word' id='word_1_129' title='bbox 476 1239 535 1284; x_wconf 89' lang='lat' dir='ltr'><strong>inter</strong></span> <span class='ocrx_word' id='word_1_130' title='bbox 553 1255 591 1285; x_wconf 86' lang='lat' dir='ltr'><strong>eas</strong></span> <span class='ocrx_word' id='word_1_131' title='bbox 610 1246 672 1292; x_wconf 87' lang='lat' dir='ltr'><strong>eunt,</strong></span> <span class='ocrx_word' id='word_1_132' title='bbox 693 1236 781 1299; x_wconf 88' lang='lat' dir='ltr'><strong>Lycos,</strong></span> <span class='ocrx_word' id='word_1_133' title='bbox 798 1246 822 1286; x_wconf 87' lang='lat' dir='ltr'><strong>et</strong></span> 
     </span>
     <span class='ocr_line' id='line_1_19' title="bbox 152 1301 821 1359; baseline 0.003 -10"><span class='ocrx_word' id='word_1_134' title='bbox 152 1301 251 1354; x_wconf 90' lang='lat' dir='ltr'><strong>Baudos,</strong></span> <span class='ocrx_word' id='word_1_135' title='bbox 268 1310 291 1348; x_wconf 80' lang='lat' dir='ltr'><strong>ct</strong></span> <span class='ocrx_word' id='word_1_136' title='bbox 306 1302 417 1349; x_wconf 89' lang='lat' dir='ltr'><strong>Orontes:</strong></span> <span class='ocrx_word' id='word_1_137' title='bbox 437 1310 490 1349; x_wconf 87' lang='lat' dir='ltr'><strong>tum</strong></span> <span class='ocrx_word' id='word_1_138' title='bbox 502 1320 569 1351; x_wconf 89' lang='lat' dir='ltr'><strong>mons</strong></span> <span class='ocrx_word' id='word_1_139' title='bbox 581 1304 692 1359; x_wconf 65' lang='lat' dir='ltr'><strong>manus,</strong></span> <span class='ocrx_word' id='word_1_140' title='bbox 708 1311 733 1351; x_wconf 87' lang='lat' dir='ltr'><strong>et</strong></span> <span class='ocrx_word' id='word_1_141' title='bbox 748 1304 776 1351; x_wconf 80' lang='lat' dir='ltr'><strong>ab</strong></span> <span class='ocrx_word' id='word_1_142' title='bbox 792 1319 821 1351; x_wconf 86' lang='lat' dir='ltr'><strong>eo</strong></span> 
     </span>
     <span class='ocr_line' id='line_1_20' title="bbox 151 1365 582 1428; baseline 0.007 -15"><span class='ocrx_word' id='word_1_143' title='bbox 151 1367 225 1413; x_wconf 81' lang='lat' dir='ltr'><strong>statim</strong></span> <span class='ocrx_word' id='word_1_144' title='bbox 236 1366 381 1428; x_wconf 89' lang='lat' dir='ltr'><strong>Myriandros</strong></span> <span class='ocrx_word' id='word_1_145' title='bbox 392 1375 415 1415; x_wconf 91' lang='lat' dir='ltr'><strong>et</strong></span> <span class='ocrx_word' id='word_1_146' title='bbox 427 1365 518 1416; x_wconf 81' lang='lat' dir='ltr'><strong>Cilices·</strong></span> <span class='ocrx_word' id='word_1_147' title='bbox 579 1391 582 1395; x_wconf 93' lang='lat'>·</span> 
     </span>
    </p>
   </div>
   <div class='ocr_carea' id='block_1_3' title="bbox 342 1627 629 1679">
    <p class='ocr_par' dir='ltr' id='par_1_3' title="bbox 342 1627 629 1679">
     <span class='ocr_line' id='line_1_21' title="bbox 342 1627 629 1679; baseline -0.003 -1"><span class='ocrx_word' id='word_1_148' title='bbox 342 1627 402 1678; x_wconf 78' lang='lat' dir='ltr'><strong>Cae.</strong></span> <span class='ocrx_word' id='word_1_149' title='bbox 415 1628 629 1679; x_wconf 77' lang='lat' dir='ltr'><strong>XllL-Cilr&#39;oio.</strong></span> 
     </span>
    </p>
   </div>
   <div class='ocr_carea' id='block_1_4' title="bbox 147 1760 882 2664">
    <p class='ocr_par' dir='ltr' id='par_1_4' title="bbox 147 1760 882 2664">
     <span class='ocr_line' id='line_1_22' title="bbox 183 1760 823 1823; baseline -0.002 -15"><span class='ocrx_word' id='word_1_150' title='bbox 183 1760 217 1808; x_wconf 88' lang='lat' dir='ltr'><strong>At</strong></span> <span class='ocrx_word' id='word_1_151' title='bbox 230 1762 254 1809; x_wconf 91' lang='lat' dir='ltr'><strong>in</strong></span> <span class='ocrx_word' id='word_1_152' title='bbox 268 1778 357 1809; x_wconf 88' lang='lat' dir='ltr'><strong>recessu</strong></span> <span class='ocrx_word' id='word_1_153' title='bbox 372 1764 452 1809; x_wconf 87' lang='lat' dir='ltr'><strong>intimo</strong></span> <span class='ocrx_word' id='word_1_154' title='bbox 465 1762 530 1809; x_wconf 88' lang='lat' dir='ltr'><strong>locus</strong></span> <span class='ocrx_word' id='word_1_155' title='bbox 545 1768 587 1815; x_wconf 71' lang='lat' dir='ltr'><strong>est,</strong></span> <span class='ocrx_word' id='word_1_156' title='bbox 604 1760 682 1823; x_wconf 85' lang='lat' dir='ltr'><strong>magni</strong></span> <span class='ocrx_word' id='word_1_157' title='bbox 698 1760 823 1821; x_wconf 75' lang='lat' dir='ltr'><strong>aliquando</strong></span> 
     </span>
     <span class='ocr_line' id='line_1_23' title="bbox 149 1821 822 1887; baseline -0.001 -15"><span class='ocrx_word' id='word_1_158' title='bbox 149 1826 289 1881; x_wconf 87' lang='lat' dir='ltr'><strong>discriminis,</strong></span> <span class='ocrx_word' id='word_1_159' title='bbox 307 1828 407 1874; x_wconf 80' lang='lat' dir='ltr'><strong>susorum</strong></span> <span class='ocrx_word' id='word_1_160' title='bbox 418 1829 445 1875; x_wconf 90' lang='lat' dir='ltr'><strong>ab</strong></span> <span class='ocrx_word' id='word_1_161' title='bbox 454 1828 585 1874; x_wconf 86' lang='lat' dir='ltr'><strong>Alexandro</strong></span> <span class='ocrx_word' id='word_1_162' title='bbox 596 1826 717 1873; x_wconf 83' lang='lat' dir='ltr'><strong>Persarum</strong></span> <span class='ocrx_word' id='word_1_163' title='bbox 727 1821 822 1887; x_wconf 68' lang='lat' dir='ltr'><strong>fugieni</strong></span> 
     </span>
     <span class='ocr_line' id='line_1_24' title="bbox 149 1889 820 1953; baseline 0.003 -18"><span class='ocrx_word' id='word_1_164' title='bbox 149 1892 223 1951; x_wconf 87' lang='lat' dir='ltr'><strong>tisque</strong></span> <span class='ocrx_word' id='word_1_165' title='bbox 241 1892 314 1945; x_wconf 88' lang='lat' dir='ltr'><strong>Darii,</strong></span> <span class='ocrx_word' id='word_1_166' title='bbox 333 1900 444 1953; x_wconf 90' lang='lat' dir='ltr'><strong>spectator</strong></span> <span class='ocrx_word' id='word_1_167' title='bbox 460 1908 487 1939; x_wconf 85' lang='lat' dir='ltr'><strong>ao</strong></span> <span class='ocrx_word' id='word_1_168' title='bbox 506 1892 584 1949; x_wconf 82' lang='lat' dir='ltr'><strong>testis3</strong></span> <span class='ocrx_word' id='word_1_169' title='bbox 601 1905 662 1937; x_wconf 89' lang='lat' dir='ltr'><strong>nuno</strong></span> <span class='ocrx_word' id='word_1_170' title='bbox 678 1905 708 1936; x_wconf 90' lang='lat' dir='ltr'><strong>ne</strong></span> <span class='ocrx_word' id='word_1_171' title='bbox 724 1889 820 1937; x_wconf 65' lang='lat' dir='ltr'><strong>minimi</strong></span> 
     </span>
     <span class='ocr_line' id='line_1_25' title="bbox 150 1954 820 2019; baseline 0.003 -20"><span class='ocrx_word' id='word_1_172' title='bbox 150 1956 247 2015; x_wconf 89' lang='lat' dir='ltr'><strong>quidem,</strong></span> <span class='ocrx_word' id='word_1_173' title='bbox 265 1964 319 2003; x_wconf 89' lang='lat' dir='ltr'><strong>tunc</strong></span> <span class='ocrx_word' id='word_1_174' title='bbox 329 1957 415 2019; x_wconf 86' lang='lat' dir='ltr'><strong>ingenti</strong></span> <span class='ocrx_word' id='word_1_175' title='bbox 427 1958 481 2003; x_wconf 91' lang='lat' dir='ltr'><strong>urbe</strong></span> <span class='ocrx_word' id='word_1_176' title='bbox 492 1957 584 2003; x_wconf 88' lang='lat' dir='ltr'><strong>celebris</strong></span> <span class='ocrx_word' id='word_1_177' title='bbox 598 1954 649 2001; x_wconf 88' lang='lat' dir='ltr'><strong>Isso</strong></span> <span class='ocrx_word' id='word_1_178' title='bbox 665 1954 724 2011; x_wconf 89' lang='lat' dir='ltr'><strong>fuit;</strong></span> <span class='ocrx_word' id='word_1_179' title='bbox 741 1962 766 2001; x_wconf 93' lang='lat' dir='ltr'><strong>et</strong></span> <span class='ocrx_word' id='word_1_180' title='bbox 776 1956 820 2001; x_wconf 83' lang='lat' dir='ltr'><strong>hac</strong></span> 
     </span>
     <span class='ocr_line' id='line_1_26' title="bbox 149 2018 820 2081; baseline 0.003 -17"><span class='ocrx_word' id='word_1_181' title='bbox 149 2035 174 2065; x_wconf 91' lang='lat' dir='ltr'><strong>re</strong></span> <span class='ocrx_word' id='word_1_182' title='bbox 185 2020 246 2065; x_wconf 91' lang='lat' dir='ltr'><strong>sinus</strong></span> <span class='ocrx_word' id='word_1_183' title='bbox 258 2018 342 2068; x_wconf 86' lang='lat' dir='ltr'><strong>Issicus</strong></span> <span class='ocrx_word' id='word_1_184' title='bbox 355 2022 441 2067; x_wconf 88' lang='lat' dir='ltr'><strong>dicitur.</strong></span> <span class='ocrx_word' id='word_1_185' title='bbox 469 2021 553 2067; x_wconf 88' lang='lat' dir='ltr'><strong>Procul</strong></span> <span class='ocrx_word' id='word_1_186' title='bbox 564 2021 616 2067; x_wconf 88' lang='lat' dir='ltr'><strong>inde</strong></span> <span class='ocrx_word' id='word_1_187' title='bbox 628 2020 754 2066; x_wconf 84' lang='lat' dir='ltr'><strong>Ammodes</strong></span> <span class='ocrx_word' id='word_1_188' title='bbox 765 2036 820 2081; x_wconf 90' lang='lat' dir='ltr'><strong>pro-</strong></span> 
     </span>
     <span class='ocr_line' id='line_1_27' title="bbox 150 2084 819 2146; baseline 0.004 -18"><span class='ocrx_word' id='word_1_189' title='bbox 150 2086 287 2131; x_wconf 89' lang='lat' dir='ltr'><strong>montorium</strong></span> <span class='ocrx_word' id='word_1_190' title='bbox 298 2087 356 2133; x_wconf 89' lang='lat' dir='ltr'><strong>inter</strong></span> <span class='ocrx_word' id='word_1_191' title='bbox 365 2085 488 2146; x_wconf 87' lang='lat' dir='ltr'><strong>Pyramum</strong></span> <span class='ocrx_word' id='word_1_192' title='bbox 501 2085 651 2146; x_wconf 85' lang='lat' dir='ltr'><strong>Cydnumque</strong></span> <span class='ocrx_word' id='word_1_193' title='bbox 661 2084 819 2146; x_wconf 75' lang='lat' dir='ltr'><strong>fluviosjaeea</strong></span> 
     </span>
     <span class='ocr_line' id='line_1_28' title="bbox 152 2146 820 2215; baseline 0.003 -22"><span class='ocrx_word' id='word_1_194' title='bbox 152 2146 270 2208; x_wconf 87' lang='lat' dir='ltr'><strong>Pyramus,</strong></span> <span class='ocrx_word' id='word_1_195' title='bbox 283 2148 334 2196; x_wconf 87' lang='lat' dir='ltr'><strong>Isso</strong></span> <span class='ocrx_word' id='word_1_196' title='bbox 346 2148 436 2215; x_wconf 89' lang='lat' dir='ltr'><strong>[prior,]</strong></span> <span class='ocrx_word' id='word_1_197' title='bbox 449 2151 539 2197; x_wconf 88' lang='lat' dir='ltr'><strong>Mallon</strong></span> <span class='ocrx_word' id='word_1_198' title='bbox 555 2148 700 2212; x_wconf 74' lang='lat' dir='ltr'><strong>praeterfluit:</strong></span> <span class='ocrx_word' id='word_1_199' title='bbox 722 2148 820 2208; x_wconf 83' lang='lat' dir='ltr'><strong>Cydnus</strong></span> 
     </span>
     <span class='ocr_line' id='line_1_29' title="bbox 149 2210 882 2274; baseline 0.004 -17"><span class='ocrx_word' id='word_1_200' title='bbox 149 2213 207 2258; x_wconf 86' lang='lat' dir='ltr'><strong>ultra</strong></span> <span class='ocrx_word' id='word_1_201' title='bbox 218 2229 258 2274; x_wconf 91' lang='lat' dir='ltr'><strong>per</strong></span> <span class='ocrx_word' id='word_1_202' title='bbox 268 2213 364 2261; x_wconf 89' lang='lat' dir='ltr'><strong>Tarsum</strong></span> <span class='ocrx_word' id='word_1_203' title='bbox 372 2216 424 2261; x_wconf 84' lang='lat' dir='ltr'><strong>exit</strong></span> <span class='ocrx_word' id='word_1_204' title='bbox 440 2215 531 2261; x_wconf 86' lang='lat' dir='ltr'><strong>Deinde</strong></span> <span class='ocrx_word' id='word_1_205' title='bbox 537 2216 590 2261; x_wconf 90' lang='lat' dir='ltr'><strong>urbs</strong></span> <span class='ocrx_word' id='word_1_206' title='bbox 596 2210 630 2261; x_wconf 87' lang='lat' dir='ltr'><strong>est</strong></span> <span class='ocrx_word' id='word_1_207' title='bbox 637 2214 690 2259; x_wconf 92' lang='lat' dir='ltr'><strong>olim</strong></span> <span class='ocrx_word' id='word_1_208' title='bbox 699 2229 713 2259; x_wconf 88' lang='lat' dir='ltr'><strong>a</strong></span> <span class='ocrx_word' id='word_1_209' title='bbox 721 2213 821 2260; x_wconf 87' lang='lat' dir='ltr'><strong>Rhodiis</strong></span> <span class='ocrx_word' id='word_1_210' title='bbox 877 2248 882 2255; x_wconf 50' lang='lat'>=</span> 
     </span>
     <span class='ocr_line' id='line_1_30' title="bbox 149 2276 828 2343; baseline 0 -20"><span class='ocrx_word' id='word_1_211' title='bbox 149 2276 295 2339; x_wconf 88' lang='lat' dir='ltr'><strong>Argivisque,</strong></span> <span class='ocrx_word' id='word_1_212' title='bbox 311 2286 363 2341; x_wconf 86' lang='lat' dir='ltr'><strong>post</strong></span> <span class='ocrx_word' id='word_1_213' title='bbox 378 2280 454 2341; x_wconf 89' lang='lat' dir='ltr'><strong>piratis</strong></span> <span class='ocrx_word' id='word_1_214' title='bbox 470 2280 591 2343; x_wconf 91' lang='lat' dir='ltr'><strong>(Pompeio</strong></span> <span class='ocrx_word' id='word_1_215' title='bbox 606 2276 746 2339; x_wconf 86' lang='lat' dir='ltr'><strong>assignante)</strong></span> <span class='ocrx_word' id='word_1_216' title='bbox 765 2294 828 2339; x_wconf 72' lang='lat' dir='ltr'><strong>pos-¹</strong></span> 
     </span>
     <span class='ocr_line' id='line_1_31' title="bbox 151 2343 821 2405; baseline 0.003 -18"><span class='ocrx_word' id='word_1_217' title='bbox 151 2356 218 2398; x_wconf 77' lang='lat' dir='ltr'><strong>sessa,</strong></span> <span class='ocrx_word' id='word_1_218' title='bbox 230 2358 290 2389; x_wconf 91' lang='lat' dir='ltr'><strong>nunc</strong></span> <span class='ocrx_word' id='word_1_219' title='bbox 300 2343 473 2405; x_wconf 87' lang='lat' dir='ltr'><strong>Pompeiopolis,</strong></span> <span class='ocrx_word' id='word_1_220' title='bbox 485 2351 539 2390; x_wconf 93' lang='lat' dir='ltr'><strong>tunc</strong></span> <span class='ocrx_word' id='word_1_221' title='bbox 549 2344 625 2390; x_wconf 84' lang='lat' dir='ltr'><strong>soloe:</strong></span> <span class='ocrx_word' id='word_1_222' title='bbox 634 2345 702 2405; x_wconf 85' lang='lat' dir='ltr'><strong>juxta</strong></span> <span class='ocrx_word' id='word_1_223' title='bbox 716 2344 740 2387; x_wconf 92' lang='lat' dir='ltr'><strong>in</strong></span> <span class='ocrx_word' id='word_1_224' title='bbox 748 2358 821 2404; x_wconf 86' lang='lat' dir='ltr'><strong>parvo</strong></span> 
     </span>
     <span class='ocr_line' id='line_1_32' title="bbox 148 2406 820 2472; baseline 0.003 -21"><span class='ocrx_word' id='word_1_225' title='bbox 148 2408 237 2452; x_wconf 83' lang='lat' dir='ltr'><strong>tumulo</strong></span> <span class='ocrx_word' id='word_1_226' title='bbox 249 2408 314 2454; x_wconf 91' lang='lat' dir='ltr'><strong>Arati</strong></span> <span class='ocrx_word' id='word_1_227' title='bbox 326 2410 400 2470; x_wconf 69' lang='lat' dir='ltr'><strong>poetae</strong></span> <span class='ocrx_word' id='word_1_228' title='bbox 411 2408 589 2465; x_wconf 67' lang='lat' dir='ltr'><strong>monimentum</strong></span> <span class='ocrx_word' id='word_1_229' title='bbox 604 2408 656 2472; x_wconf 67' lang='lat' dir='ltr'><strong>ideo</strong></span> <span class='ocrx_word' id='word_1_230' title='bbox 667 2406 820 2469; x_wconf 83' lang='lat' dir='ltr'><strong>referendum,</strong></span> 
     </span>
     <span class='ocr_line' id='line_1_33' title="bbox 147 2471 823 2536; baseline 0.006 -22"><span class='ocrx_word' id='word_1_231' title='bbox 147 2471 200 2528; x_wconf 83' lang='lat' dir='ltr'><strong>quia</strong></span> <span class='ocrx_word' id='word_1_232' title='bbox 215 2472 325 2533; x_wconf 84' lang='lat' dir='ltr'><strong>ignotum,</strong></span> <span class='ocrx_word' id='word_1_233' title='bbox 343 2488 409 2532; x_wconf 83' lang='lat' dir='ltr'><strong>quam</strong></span> <span class='ocrx_word' id='word_1_234' title='bbox 425 2474 453 2517; x_wconf 93' lang='lat' dir='ltr'><strong>ob</strong></span> <span class='ocrx_word' id='word_1_235' title='bbox 467 2488 557 2519; x_wconf 86' lang='lat' dir='ltr'><strong>causam</strong></span> <span class='ocrx_word' id='word_1_236' title='bbox 568 2476 630 2536; x_wconf 85' lang='lat' dir='ltr'><strong>jacta</strong></span> <span class='ocrx_word' id='word_1_237' title='bbox 639 2474 663 2517; x_wconf 92' lang='lat' dir='ltr'><strong>in</strong></span> <span class='ocrx_word' id='word_1_238' title='bbox 674 2472 698 2517; x_wconf 91' lang='lat' dir='ltr'><strong>id</strong></span> <span class='ocrx_word' id='word_1_239' title='bbox 709 2487 765 2519; x_wconf 78' lang='lat' dir='ltr'><strong>saxa</strong></span> <span class='ocrx_word' id='word_1_240' title='bbox 775 2472 823 2518; x_wconf 86' lang='lat' dir='ltr'><strong>dis.</strong></span> 
     </span>
     <span class='ocr_line' id='line_1_34' title="bbox 148 2534 827 2599; baseline 0.009 -23"><span class='ocrx_word' id='word_1_241' title='bbox 148 2534 234 2581; x_wconf 88' lang='lat' dir='ltr'><strong>siliunt.</strong></span> <span class='ocrx_word' id='word_1_242' title='bbox 258 2536 313 2582; x_wconf 90' lang='lat' dir='ltr'><strong>Non</strong></span> <span class='ocrx_word' id='word_1_243' title='bbox 324 2538 394 2598; x_wconf 84' lang='lat' dir='ltr'><strong>longe</strong></span> <span class='ocrx_word' id='word_1_244' title='bbox 404 2536 456 2581; x_wconf 85' lang='lat' dir='ltr'><strong>binc</strong></span> <span class='ocrx_word' id='word_1_245' title='bbox 468 2536 572 2597; x_wconf 86' lang='lat' dir='ltr'><strong>Corycos</strong></span> <span class='ocrx_word' id='word_1_246' title='bbox 583 2538 689 2599; x_wconf 87' lang='lat' dir='ltr'><strong>oppidum</strong></span> <span class='ocrx_word' id='word_1_247' title='bbox 701 2545 771 2599; x_wconf 90' lang='lat' dir='ltr'><strong>portu</strong></span> <span class='ocrx_word' id='word_1_248' title='bbox 786 2534 827 2583; x_wconf 80' lang='lat' dir='ltr'><strong>sa.&#39;</strong></span> 
     </span>
     <span class='ocr_line' id='line_1_35' title="bbox 149 2596 828 2664; baseline 0.009 -23"><span class='ocrx_word' id='word_1_249' title='bbox 149 2596 217 2655; x_wconf 89' lang='lat' dir='ltr'><strong>loque</strong></span> <span class='ocrx_word' id='word_1_250' title='bbox 245 2600 374 2662; x_wconf 83' lang='lat' dir='ltr'><strong>incingitur,</strong></span> <span class='ocrx_word' id='word_1_251' title='bbox 402 2609 500 2662; x_wconf 85' lang='lat' dir='ltr'><strong>angusto</strong></span> <span class='ocrx_word' id='word_1_252' title='bbox 522 2610 612 2664; x_wconf 86' lang='lat' dir='ltr'><strong>tergore</strong></span> <span class='ocrx_word' id='word_1_253' title='bbox 634 2603 760 2650; x_wconf 86' lang='lat' dir='ltr'><strong>continenti</strong></span> <span class='ocrx_word' id='word_1_254' title='bbox 782 2598 828 2648; x_wconf 75' lang='lat' dir='ltr'><strong>an.&#39;</strong></span> 
     </span>
    </p>
   </div>
   <div class='ocr_carea' id='block_1_5' title="bbox 0 0 938 2917">
    <p class='ocr_par' dir='ltr' id='par_1_5' title="bbox 0 0 938 2917">
     <span class='ocr_line' id='line_1_36' title="bbox 0 0 938 2917; baseline 0 0"><span class='ocrx_word' id='word_1_255' title='bbox 0 0 938 2917; x_wconf 95' lang='lat' dir='ltr'><strong> </strong></span> 
     </span>
    </p>
   </div>
  </div>
 </body>
</html>
