<?xml version="1.0" encoding="UTF-8"?>
<!DOCTYPE html PUBLIC "-//W3C//DTD XHTML 1.0 Transitional//EN"
    "http://www.w3.org/TR/xhtml1/DTD/xhtml1-transitional.dtd">
<html xmlns="http://www.w3.org/1999/xhtml" xml:lang="en" lang="en">
 <head>
  <title>
</title>
<meta http-equiv="Content-Type" content="text/html;charset=utf-8" />
  <meta name='ocr-system' content='tesseract 3.04.00' />
  <meta name='ocr-capabilities' content='ocr_page ocr_carea ocr_par ocr_line ocrx_word'/>
</head>
<body>
  <div class='ocr_page' id='page_1' title='image "./corneliineoptis00melagoog_0028.png"; bbox 0 0 1859 2917; ppageno 0'>
   <div class='ocr_carea' id='block_1_1' title="bbox 154 108 619 161">
    <p class='ocr_par' dir='ltr' id='par_1_1' title="bbox 154 108 619 161">
     <span class='ocr_line' id='line_1_1' title="bbox 154 108 619 161; baseline -0.002 0"><span class='ocrx_word' id='word_1_1' title='bbox 154 116 184 161; x_wconf 71' lang='lat' dir='ltr'><strong>tt</strong></span> <span class='ocrx_word' id='word_1_2' title='bbox 352 110 399 161; x_wconf 86' lang='lat' dir='ltr'><strong>tv.</strong></span> <span class='ocrx_word' id='word_1_3' title='bbox 418 108 619 160; x_wconf 76' lang='lat' dir='ltr'><strong>Paussulatt</strong></span> 
     </span>
    </p>
   </div>
   <div class='ocr_carea' id='block_1_2' title="bbox 151 237 833 1785">
    <p class='ocr_par' dir='ltr' id='par_1_2' title="bbox 151 237 833 1785">
     <span class='ocr_line' id='line_1_2' title="bbox 151 237 829 297; baseline -0.007 -7"><span class='ocrx_word' id='word_1_4' title='bbox 151 242 222 291; x_wconf 80' lang='lat' dir='ltr'><strong>ottus</strong></span> <span class='ocrx_word' id='word_1_5' title='bbox 234 240 306 297; x_wconf 83' lang='lat' dir='ltr'><strong>rediit,</strong></span> <span class='ocrx_word' id='word_1_6' title='bbox 322 248 346 289; x_wconf 91' lang='lat' dir='ltr'><strong>et</strong></span> <span class='ocrx_word' id='word_1_7' title='bbox 359 241 389 288; x_wconf 89' lang='lat' dir='ltr'><strong>ibi</strong></span> <span class='ocrx_word' id='word_1_8' title='bbox 401 254 447 289; x_wconf 86' lang='lat' dir='ltr'><strong>uon</strong></span> <span class='ocrx_word' id='word_1_9' title='bbox 458 238 544 294; x_wconf 70' lang='lat' dir='ltr'><strong>callidi,</strong></span> <span class='ocrx_word' id='word_1_10' title='bbox 558 239 597 286; x_wconf 87' lang='lat' dir='ltr'><strong>sed</strong></span> <span class='ocrx_word' id='word_1_11' title='bbox 610 237 709 285; x_wconf 80' lang='lat' dir='ltr'><strong>dementi</strong></span> <span class='ocrx_word' id='word_1_12' title='bbox 723 238 829 292; x_wconf 81' lang='lat' dir='ltr'><strong>ratione,</strong></span> 
     </span>
     <span class='ocr_line' id='line_1_3' title="bbox 152 303 828 368; baseline -0.007 -15"><span class='ocrx_word' id='word_1_13' title='bbox 152 307 252 367; x_wconf 76' lang='lat' dir='ltr'><strong>cogitata</strong></span> <span class='ocrx_word' id='word_1_14' title='bbox 261 305 372 368; x_wconf 81' lang='lat' dir='ltr'><strong>patefecit.</strong></span> <span class='ocrx_word' id='word_1_15' title='bbox 406 304 462 352; x_wconf 88' lang='lat' dir='ltr'><strong>Non</strong></span> <span class='ocrx_word' id='word_1_16' title='bbox 477 306 538 351; x_wconf 86' lang='lat' dir='ltr'><strong>enim</strong></span> <span class='ocrx_word' id='word_1_17' title='bbox 553 318 628 351; x_wconf 88' lang='lat' dir='ltr'><strong>mores</strong></span> <span class='ocrx_word' id='word_1_18' title='bbox 641 304 726 364; x_wconf 86' lang='lat' dir='ltr'><strong>patrios</strong></span> <span class='ocrx_word' id='word_1_19' title='bbox 736 303 828 357; x_wconf 86' lang='lat' dir='ltr'><strong>solum,</strong></span> 
     </span>
     <span class='ocr_line' id='line_1_4' title="bbox 152 368 830 429; baseline -0.009 -10"><span class='ocrx_word' id='word_1_20' title='bbox 152 370 195 419; x_wconf 78' lang='lat' dir='ltr'><strong>sed</strong></span> <span class='ocrx_word' id='word_1_21' title='bbox 209 372 276 419; x_wconf 88' lang='lat' dir='ltr'><strong>etiam</strong></span> <span class='ocrx_word' id='word_1_22' title='bbox 294 372 379 417; x_wconf 87' lang='lat' dir='ltr'><strong>cultum</strong></span> <span class='ocrx_word' id='word_1_23' title='bbox 396 371 553 428; x_wconf 81' lang='lat' dir='ltr'><strong>vestitumque,</strong></span> <span class='ocrx_word' id='word_1_24' title='bbox 570 368 673 415; x_wconf 77' lang='lat' dir='ltr'><strong>mutauit.</strong></span> <span class='ocrx_word' id='word_1_25' title='bbox 703 370 830 429; x_wconf 82' lang='lat' dir='ltr'><strong>Appsrstu</strong></span> 
     </span>
     <span class='ocr_line' id='line_1_5' title="bbox 154 430 830 497; baseline -0.004 -15"><span class='ocrx_word' id='word_1_26' title='bbox 154 435 218 497; x_wconf 80' lang='lat' dir='ltr'><strong>regio</strong></span> <span class='ocrx_word' id='word_1_27' title='bbox 239 436 348 489; x_wconf 86' lang='lat' dir='ltr'><strong>utebatur,</strong></span> <span class='ocrx_word' id='word_1_28' title='bbox 366 441 429 481; x_wconf 62' lang='grc' dir='ltr'><strong>ναῖε</strong></span> <span class='ocrx_word' id='word_1_29' title='bbox 450 430 552 480; x_wconf 74' lang='lat' dir='ltr'><strong>Medici:</strong></span> <span class='ocrx_word' id='word_1_30' title='bbox 583 432 689 479; x_wconf 83' lang='lat' dir='ltr'><strong>satellites</strong></span> <span class='ocrx_word' id='word_1_31' title='bbox 707 432 773 478; x_wconf 89' lang='lat' dir='ltr'><strong>Medi</strong></span> <span class='ocrx_word' id='word_1_32' title='bbox 796 440 830 479; x_wconf 85' lang='lat' dir='ltr'><strong>et</strong></span> 
     </span>
     <span class='ocr_line' id='line_1_6' title="bbox 154 495 829 561; baseline -0.009 -14"><span class='ocrx_word' id='word_1_33' title='bbox 154 500 261 561; x_wconf 75' lang='lat' dir='ltr'><strong>AEgyptii</strong></span> <span class='ocrx_word' id='word_1_34' title='bbox 280 500 442 561; x_wconf 72' lang='lat' dir='ltr'><strong>sequebantur:</strong></span> <span class='ocrx_word' id='word_1_35' title='bbox 468 498 597 559; x_wconf 82' lang='lat' dir='ltr'><strong>epulabatur</strong></span> <span class='ocrx_word' id='word_1_36' title='bbox 615 511 679 543; x_wconf 87' lang='lat' dir='ltr'><strong>more</strong></span> <span class='ocrx_word' id='word_1_37' title='bbox 699 495 829 543; x_wconf 86' lang='lat' dir='ltr'><strong>Persarum</strong></span> 
     </span>
     <span class='ocr_line' id='line_1_7' title="bbox 155 561 830 624; baseline -0.006 -13"><span class='ocrx_word' id='word_1_38' title='bbox 155 564 298 617; x_wconf 72' lang='lat' dir='ltr'><strong>luxuriosius,</strong></span> <span class='ocrx_word' id='word_1_39' title='bbox 316 578 390 624; x_wconf 82' lang='lat' dir='ltr'><strong>quem,</strong></span> <span class='ocrx_word' id='word_1_40' title='bbox 402 563 440 623; x_wconf 90' lang='lat' dir='ltr'><strong>qui</strong></span> <span class='ocrx_word' id='word_1_41' title='bbox 450 562 549 616; x_wconf 85' lang='lat' dir='ltr'><strong>aderant,</strong></span> <span class='ocrx_word' id='word_1_42' title='bbox 560 562 646 623; x_wconf 87' lang='lat' dir='ltr'><strong>perpeti</strong></span> <span class='ocrx_word' id='word_1_43' title='bbox 655 569 761 622; x_wconf 84' lang='lat' dir='ltr'><strong>possent:</strong></span> <span class='ocrx_word' id='word_1_44' title='bbox 782 561 830 607; x_wconf 87' lang='lat' dir='ltr'><strong>ad-</strong></span> 
     </span>
     <span class='ocr_line' id='line_1_8' title="bbox 155 626 831 689; baseline -0.003 -14"><span class='ocrx_word' id='word_1_45' title='bbox 155 628 212 675; x_wconf 86' lang='lat' dir='ltr'><strong>itum</strong></span> <span class='ocrx_word' id='word_1_46' title='bbox 226 628 352 689; x_wconf 86' lang='lat' dir='ltr'><strong>petentibus</strong></span> <span class='ocrx_word' id='word_1_47' title='bbox 362 626 509 675; x_wconf 82' lang='lat' dir='ltr'><strong>conveniendi</strong></span> <span class='ocrx_word' id='word_1_48' title='bbox 522 642 568 673; x_wconf 87' lang='lat' dir='ltr'><strong>non</strong></span> <span class='ocrx_word' id='word_1_49' title='bbox 583 626 661 672; x_wconf 88' lang='lat' dir='ltr'><strong>dabat:</strong></span> <span class='ocrx_word' id='word_1_50' title='bbox 681 627 774 687; x_wconf 82' lang='lat' dir='ltr'><strong>superbe</strong></span> <span class='ocrx_word' id='word_1_51' title='bbox 786 642 831 673; x_wconf 88' lang='lat' dir='ltr'><strong>re-</strong></span> 
     </span>
     <span class='ocr_line' id='line_1_9' title="bbox 156 690 831 755; baseline -0.003 -17"><span class='ocrx_word' id='word_1_52' title='bbox 156 692 284 755; x_wconf 77' lang='lat' dir='ltr'><strong>spondebat,</strong></span> <span class='ocrx_word' id='word_1_53' title='bbox 303 701 327 740; x_wconf 87' lang='lat' dir='ltr'><strong>et</strong></span> <span class='ocrx_word' id='word_1_54' title='bbox 342 692 460 740; x_wconf 81' lang='lat' dir='ltr'><strong>crudeliter</strong></span> <span class='ocrx_word' id='word_1_55' title='bbox 476 691 609 753; x_wconf 82' lang='lat' dir='ltr'><strong>imperabat:</strong></span> <span class='ocrx_word' id='word_1_56' title='bbox 630 690 732 751; x_wconf 79' lang='lat' dir='ltr'><strong>sparum</strong></span> <span class='ocrx_word' id='word_1_57' title='bbox 749 691 831 742; x_wconf 78' lang='lat' dir='ltr'><strong>redire</strong></span> 
     </span>
     <span class='ocr_line' id='line_1_10' title="bbox 156 752 830 819; baseline -0.003 -16"><span class='ocrx_word' id='word_1_58' title='bbox 156 757 259 805; x_wconf 77' lang='lat' dir='ltr'><strong>uolebstr</strong></span> <span class='ocrx_word' id='word_1_59' title='bbox 280 754 379 805; x_wconf 86' lang='lat' dir='ltr'><strong>Colonss</strong></span> <span class='ocrx_word' id='word_1_60' title='bbox 393 756 442 819; x_wconf 88' lang='lat' dir='ltr'><strong>(qui</strong></span> <span class='ocrx_word' id='word_1_61' title='bbox 451 756 516 801; x_wconf 85' lang='lat' dir='ltr'><strong>locus</strong></span> <span class='ocrx_word' id='word_1_62' title='bbox 525 756 550 801; x_wconf 85' lang='lat' dir='ltr'><strong>in</strong></span> <span class='ocrx_word' id='word_1_63' title='bbox 560 770 616 817; x_wconf 81' lang='lat' dir='ltr'><strong>agro</strong></span> <span class='ocrx_word' id='word_1_64' title='bbox 623 752 719 801; x_wconf 80' lang='lat' dir='ltr'><strong>Troadis</strong></span> <span class='ocrx_word' id='word_1_65' title='bbox 734 753 781 815; x_wconf 90' lang='lat' dir='ltr'><strong>est)</strong></span> <span class='ocrx_word' id='word_1_66' title='bbox 797 773 830 806; x_wconf 81' lang='lat' dir='ltr'><strong>se</strong></span> 
     </span>
     <span class='ocr_line' id='line_1_11' title="bbox 156 819 828 881; baseline -0.003 -12"><span class='ocrx_word' id='word_1_67' title='bbox 156 822 294 869; x_wconf 74' lang='lat' dir='ltr'><strong>consuerat:</strong></span> <span class='ocrx_word' id='word_1_68' title='bbox 313 822 343 869; x_wconf 92' lang='lat' dir='ltr'><strong>ibi</strong></span> <span class='ocrx_word' id='word_1_69' title='bbox 353 821 445 868; x_wconf 77' lang='lat' dir='ltr'><strong>masilia</strong></span> <span class='ocrx_word' id='word_1_70' title='bbox 455 835 507 866; x_wconf 85' lang='lat' dir='ltr'><strong>oum</strong></span> <span class='ocrx_word' id='word_1_71' title='bbox 517 820 603 881; x_wconf 82' lang='lat' dir='ltr'><strong>patriae,</strong></span> <span class='ocrx_word' id='word_1_72' title='bbox 612 826 661 865; x_wconf 89' lang='lat' dir='ltr'><strong>tum</strong></span> <span class='ocrx_word' id='word_1_73' title='bbox 672 819 720 872; x_wconf 82' lang='lat' dir='ltr'><strong>sibi,</strong></span> <span class='ocrx_word' id='word_1_74' title='bbox 731 820 828 871; x_wconf 81' lang='lat' dir='ltr'><strong>inimica</strong></span> 
     </span>
     <span class='ocr_line' id='line_1_12' title="bbox 157 883 825 948; baseline -0.006 -15"><span class='ocrx_word' id='word_1_75' title='bbox 157 886 263 948; x_wconf 75' lang='lat' dir='ltr'><strong>capiebat.</strong></span> <span class='ocrx_word' id='word_1_76' title='bbox 298 884 327 931; x_wconf 88' lang='lat' dir='ltr'><strong>Id</strong></span> <span class='ocrx_word' id='word_1_77' title='bbox 341 892 457 948; x_wconf 87' lang='lat' dir='ltr'><strong>postquam</strong></span> <span class='ocrx_word' id='word_1_78' title='bbox 471 883 636 930; x_wconf 73' lang='lat' dir='ltr'><strong>Lacedaemonii</strong></span> <span class='ocrx_word' id='word_1_79' title='bbox 647 883 775 938; x_wconf 80' lang='lat' dir='ltr'><strong>rescierunt,</strong></span> <span class='ocrx_word' id='word_1_80' title='bbox 788 886 825 933; x_wconf 73' lang='lat' dir='ltr'><strong>le.</strong></span> 
     </span>
     <span class='ocr_line' id='line_1_13' title="bbox 154 945 828 1011; baseline 0 -14"><span class='ocrx_word' id='word_1_81' title='bbox 154 958 223 1011; x_wconf 75' lang='lat' dir='ltr'><strong>gatos</strong></span> <span class='ocrx_word' id='word_1_82' title='bbox 230 950 259 997; x_wconf 87' lang='lat' dir='ltr'><strong>sd</strong></span> <span class='ocrx_word' id='word_1_83' title='bbox 266 965 318 997; x_wconf 85' lang='lat' dir='ltr'><strong>eum</strong></span> <span class='ocrx_word' id='word_1_84' title='bbox 329 966 380 997; x_wconf 87' lang='lat' dir='ltr'><strong>oum</strong></span> <span class='ocrx_word' id='word_1_85' title='bbox 389 947 474 1011; x_wconf 76' lang='lat' dir='ltr'><strong>scytsld</strong></span> <span class='ocrx_word' id='word_1_86' title='bbox 484 948 609 1005; x_wconf 79' lang='lat' dir='ltr'><strong>miserunt3</strong></span> <span class='ocrx_word' id='word_1_87' title='bbox 626 948 649 993; x_wconf 89' lang='lat' dir='ltr'><strong>in</strong></span> <span class='ocrx_word' id='word_1_88' title='bbox 659 945 710 1008; x_wconf 75' lang='lat' dir='ltr'><strong>qul,</strong></span> <span class='ocrx_word' id='word_1_89' title='bbox 722 963 786 997; x_wconf 93' lang='lat' dir='ltr'><strong>more</strong></span> <span class='ocrx_word' id='word_1_90' title='bbox 796 952 828 999; x_wconf 89' lang='lat' dir='ltr'><strong>il-</strong></span> 
     </span>
     <span class='ocr_line' id='line_1_14' title="bbox 157 1013 829 1077; baseline -0.009 -16"><span class='ocrx_word' id='word_1_91' title='bbox 157 1014 237 1069; x_wconf 88' lang='lat' dir='ltr'><strong>lorum,</strong></span> <span class='ocrx_word' id='word_1_92' title='bbox 247 1021 295 1061; x_wconf 86' lang='lat' dir='ltr'><strong>erat</strong></span> <span class='ocrx_word' id='word_1_93' title='bbox 306 1015 419 1077; x_wconf 83' lang='lat' dir='ltr'><strong>seriptum,</strong></span> <span class='ocrx_word' id='word_1_94' title='bbox 431 1014 474 1059; x_wconf 87' lang='lat' dir='ltr'><strong>uisi</strong></span> <span class='ocrx_word' id='word_1_95' title='bbox 483 1013 574 1060; x_wconf 88' lang='lat' dir='ltr'><strong>domum</strong></span> <span class='ocrx_word' id='word_1_96' title='bbox 585 1018 739 1067; x_wconf 79' lang='lat' dir='ltr'><strong>reverteretur,</strong></span> <span class='ocrx_word' id='word_1_97' title='bbox 749 1029 774 1060; x_wconf 86' lang='lat' dir='ltr'><strong>se</strong></span> <span class='ocrx_word' id='word_1_98' title='bbox 786 1033 829 1064; x_wconf 75' lang='lat' dir='ltr'><strong>ca.</strong></span> 
     </span>
     <span class='ocr_line' id='line_1_15' title="bbox 158 1078 829 1139; baseline 0.001 -17"><span class='ocrx_word' id='word_1_99' title='bbox 158 1078 269 1139; x_wconf 89' lang='lat' dir='ltr'><strong>pitiseum</strong></span> <span class='ocrx_word' id='word_1_100' title='bbox 277 1080 427 1125; x_wconf 82' lang='lat' dir='ltr'><strong>damnaturos.</strong></span> <span class='ocrx_word' id='word_1_101' title='bbox 442 1078 497 1124; x_wconf 85' lang='lat' dir='ltr'><strong>Hoo</strong></span> <span class='ocrx_word' id='word_1_102' title='bbox 505 1078 583 1124; x_wconf 76' lang='lat' dir='ltr'><strong>nmtio</strong></span> <span class='ocrx_word' id='word_1_103' title='bbox 590 1084 723 1131; x_wconf 85' lang='lat' dir='ltr'><strong>commotus,</strong></span> <span class='ocrx_word' id='word_1_104' title='bbox 731 1094 829 1139; x_wconf 78' lang='lat' dir='ltr'><strong>sperum</strong></span> 
     </span>
     <span class='ocr_line' id='line_1_16' title="bbox 158 1139 828 1207; baseline 0.003 -16"><span class='ocrx_word' id='word_1_105' title='bbox 158 1157 184 1191; x_wconf 82' lang='lat' dir='ltr'><strong>se</strong></span> <span class='ocrx_word' id='word_1_106' title='bbox 195 1140 273 1205; x_wconf 82' lang='lat' dir='ltr'><strong>[etiem</strong></span> <span class='ocrx_word' id='word_1_107' title='bbox 285 1141 344 1207; x_wconf 85' lang='lat' dir='ltr'><strong>tum]</strong></span> <span class='ocrx_word' id='word_1_108' title='bbox 358 1140 451 1205; x_wconf 72' lang='lat' dir='ltr'><strong>peeumd</strong></span> <span class='ocrx_word' id='word_1_109' title='bbox 462 1150 485 1189; x_wconf 85' lang='lat' dir='ltr'><strong>et</strong></span> <span class='ocrx_word' id='word_1_110' title='bbox 495 1139 595 1204; x_wconf 72' lang='lat' dir='ltr'><strong>potentii</strong></span> <span class='ocrx_word' id='word_1_111' title='bbox 604 1142 691 1189; x_wconf 86' lang='lat' dir='ltr'><strong>instans</strong></span> <span class='ocrx_word' id='word_1_112' title='bbox 700 1144 828 1203; x_wconf 79' lang='lat' dir='ltr'><strong>periculum</strong></span> 
     </span>
     <span class='ocr_line' id='line_1_17' title="bbox 159 1204 830 1272; baseline -0.001 -19"><span class='ocrx_word' id='word_1_113' title='bbox 159 1222 226 1271; x_wconf 85' lang='lat' dir='ltr'><strong>posse</strong></span> <span class='ocrx_word' id='word_1_114' title='bbox 241 1208 359 1269; x_wconf 79' lang='lat' dir='ltr'>depellere,</span> <span class='ocrx_word' id='word_1_115' title='bbox 376 1208 469 1272; x_wconf 84' lang='lat' dir='ltr'><strong>domum</strong></span> <span class='ocrx_word' id='word_1_116' title='bbox 486 1206 556 1253; x_wconf 78' lang='lat' dir='ltr'><strong>rediit.</strong></span> <span class='ocrx_word' id='word_1_117' title='bbox 592 1204 648 1253; x_wconf 87' lang='lat' dir='ltr'><strong>Huc</strong></span> <span class='ocrx_word' id='word_1_118' title='bbox 665 1213 690 1252; x_wconf 89' lang='lat' dir='ltr'><strong>ut</strong></span> <span class='ocrx_word' id='word_1_119' title='bbox 708 1208 777 1263; x_wconf 86' lang='lat' dir='ltr'><strong>venit,</strong></span> <span class='ocrx_word' id='word_1_120' title='bbox 797 1212 830 1257; x_wconf 83' lang='lat' dir='ltr'><strong>ab</strong></span> 
     </span>
     <span class='ocr_line' id='line_1_18' title="bbox 158 1271 830 1334; baseline 0.003 -15"><span class='ocrx_word' id='word_1_121' title='bbox 158 1272 247 1334; x_wconf 82' lang='lat' dir='ltr'><strong>ephoris</strong></span> <span class='ocrx_word' id='word_1_122' title='bbox 262 1273 285 1319; x_wconf 89' lang='lat' dir='ltr'><strong>iu</strong></span> <span class='ocrx_word' id='word_1_123' title='bbox 300 1272 389 1317; x_wconf 88' lang='lat' dir='ltr'><strong>vincula</strong></span> <span class='ocrx_word' id='word_1_124' title='bbox 400 1272 487 1332; x_wconf 82' lang='lat' dir='ltr'><strong>publiea</strong></span> <span class='ocrx_word' id='word_1_125' title='bbox 500 1271 615 1332; x_wconf 78' lang='lat' dir='ltr'><strong>conjectus</strong></span> <span class='ocrx_word' id='word_1_126' title='bbox 626 1277 675 1317; x_wconf 73' lang='lat' dir='ltr'><strong>ests</strong></span> <span class='ocrx_word' id='word_1_127' title='bbox 694 1271 745 1318; x_wconf 89' lang='lat' dir='ltr'><strong>lioet</strong></span> <span class='ocrx_word' id='word_1_128' title='bbox 755 1274 830 1330; x_wconf 89' lang='lat' dir='ltr'><strong>enim,</strong></span> 
     </span>
     <span class='ocr_line' id='line_1_19' title="bbox 159 1335 833 1399; baseline 0.001 -15"><span class='ocrx_word' id='word_1_129' title='bbox 159 1336 246 1399; x_wconf 79' lang='lat' dir='ltr'><strong>legibus</strong></span> <span class='ocrx_word' id='word_1_130' title='bbox 257 1350 341 1389; x_wconf 84' lang='lat' dir='ltr'><strong>eorum,</strong></span> <span class='ocrx_word' id='word_1_131' title='bbox 358 1336 429 1382; x_wconf 85' lang='lat' dir='ltr'><strong>cuivis</strong></span> <span class='ocrx_word' id='word_1_132' title='bbox 441 1337 525 1397; x_wconf 88' lang='lat' dir='ltr'><strong>ephoro</strong></span> <span class='ocrx_word' id='word_1_133' title='bbox 536 1336 581 1382; x_wconf 88' lang='lat' dir='ltr'><strong>hoo</strong></span> <span class='ocrx_word' id='word_1_134' title='bbox 590 1335 664 1381; x_wconf 82' lang='lat' dir='ltr'><strong>faeere</strong></span> <span class='ocrx_word' id='word_1_135' title='bbox 674 1337 729 1397; x_wconf 81' lang='lat' dir='ltr'><strong>regi.</strong></span> <span class='ocrx_word' id='word_1_136' title='bbox 762 1338 833 1387; x_wconf 80' lang='lat' dir='ltr'><strong>Hine</strong></span> 
     </span>
     <span class='ocr_line' id='line_1_20' title="bbox 159 1400 832 1466; baseline -0.004 -19"><span class='ocrx_word' id='word_1_137' title='bbox 159 1407 235 1447; x_wconf 87' lang='lat' dir='ltr'><strong>tamen</strong></span> <span class='ocrx_word' id='word_1_138' title='bbox 251 1416 276 1448; x_wconf 86' lang='lat' dir='ltr'><strong>se</strong></span> <span class='ocrx_word' id='word_1_139' title='bbox 293 1400 417 1461; x_wconf 74' lang='lat' dir='ltr'><strong>expedivitt</strong></span> <span class='ocrx_word' id='word_1_140' title='bbox 437 1414 510 1459; x_wconf 86' lang='lat' dir='ltr'><strong>neque</strong></span> <span class='ocrx_word' id='word_1_141' title='bbox 524 1415 551 1446; x_wconf 92' lang='lat' dir='ltr'><strong>eo</strong></span> <span class='ocrx_word' id='word_1_142' title='bbox 566 1400 639 1461; x_wconf 80' lang='lat' dir='ltr'><strong>magis</strong></span> <span class='ocrx_word' id='word_1_143' title='bbox 654 1402 741 1447; x_wconf 81' lang='lat' dir='ltr'><strong>carebat</strong></span> <span class='ocrx_word' id='word_1_144' title='bbox 753 1404 832 1466; x_wconf 84' lang='lat' dir='ltr'><strong>auspi.</strong></span> 
     </span>
     <span class='ocr_line' id='line_1_21' title="bbox 160 1464 833 1527; baseline 0.006 -16"><span class='ocrx_word' id='word_1_145' title='bbox 160 1465 238 1511; x_wconf 69' lang='lat' dir='ltr'><strong>moues</strong></span> <span class='ocrx_word' id='word_1_146' title='bbox 257 1480 309 1511; x_wconf 83' lang='lat' dir='ltr'><strong>nem</strong></span> <span class='ocrx_word' id='word_1_147' title='bbox 324 1464 399 1525; x_wconf 86' lang='lat' dir='ltr'><strong>opinio</strong></span> <span class='ocrx_word' id='word_1_148' title='bbox 414 1466 523 1518; x_wconf 83' lang='lat' dir='ltr'><strong>manebat,</strong></span> <span class='ocrx_word' id='word_1_149' title='bbox 541 1479 593 1511; x_wconf 87' lang='lat' dir='ltr'><strong>eum</strong></span> <span class='ocrx_word' id='word_1_150' title='bbox 609 1479 662 1511; x_wconf 85' lang='lat' dir='ltr'><strong>oum</strong></span> <span class='ocrx_word' id='word_1_151' title='bbox 678 1480 732 1527; x_wconf 82' lang='lat' dir='ltr'><strong>rege</strong></span> <span class='ocrx_word' id='word_1_152' title='bbox 746 1468 833 1518; x_wconf 85' lang='lat' dir='ltr'><strong>babere</strong></span> 
     </span>
     <span class='ocr_line' id='line_1_22' title="bbox 160 1528 831 1593; baseline 0.003 -18"><span class='ocrx_word' id='word_1_153' title='bbox 160 1530 297 1575; x_wconf 69' lang='lat' dir='ltr'><strong>sotietatem.</strong></span> <span class='ocrx_word' id='word_1_154' title='bbox 332 1528 377 1575; x_wconf 78' lang='lat' dir='ltr'><strong>Est</strong></span> <span class='ocrx_word' id='word_1_155' title='bbox 394 1544 468 1591; x_wconf 80' lang='lat' dir='ltr'><strong>genus</strong></span> <span class='ocrx_word' id='word_1_156' title='bbox 488 1529 600 1591; x_wconf 89' lang='lat' dir='ltr'><strong>quoddam</strong></span> <span class='ocrx_word' id='word_1_157' title='bbox 618 1529 742 1585; x_wconf 86' lang='lat' dir='ltr'><strong>bominum,</strong></span> <span class='ocrx_word' id='word_1_158' title='bbox 765 1536 831 1593; x_wconf 86' lang='lat' dir='ltr'><strong>quod</strong></span> 
     </span>
     <span class='ocr_line' id='line_1_23' title="bbox 160 1592 831 1656; baseline 0.003 -15"><span class='ocrx_word' id='word_1_159' title='bbox 160 1592 259 1641; x_wconf 84' lang='lat' dir='ltr'><strong>Helotes</strong></span> <span class='ocrx_word' id='word_1_160' title='bbox 269 1599 368 1646; x_wconf 80' lang='lat' dir='ltr'><strong>vocatur,</strong></span> <span class='ocrx_word' id='word_1_161' title='bbox 378 1608 473 1654; x_wconf 85' lang='lat' dir='ltr'><strong>quorum</strong></span> <span class='ocrx_word' id='word_1_162' title='bbox 483 1609 567 1656; x_wconf 83' lang='lat' dir='ltr'><strong>magna</strong></span> <span class='ocrx_word' id='word_1_163' title='bbox 576 1593 696 1640; x_wconf 84' lang='lat' dir='ltr'><strong>multitudo</strong></span> <span class='ocrx_word' id='word_1_164' title='bbox 706 1610 773 1656; x_wconf 78' lang='lat' dir='ltr'><strong>agros</strong></span> <span class='ocrx_word' id='word_1_165' title='bbox 779 1596 831 1646; x_wconf 83' lang='lat' dir='ltr'><strong>La-</strong></span> 
     </span>
     <span class='ocr_line' id='line_1_24' title="bbox 159 1658 829 1722; baseline 0.003 -17"><span class='ocrx_word' id='word_1_166' title='bbox 159 1658 349 1717; x_wconf 83' lang='lat' dir='ltr'><strong>oodaemoniorum</strong></span> <span class='ocrx_word' id='word_1_167' title='bbox 366 1658 426 1711; x_wconf 85' lang='lat' dir='ltr'><strong>colit,</strong></span> <span class='ocrx_word' id='word_1_168' title='bbox 443 1673 603 1719; x_wconf 79' lang='lat' dir='ltr'><strong>servorumque</strong></span> <span class='ocrx_word' id='word_1_169' title='bbox 612 1673 706 1705; x_wconf 86' lang='lat' dir='ltr'><strong>munere</strong></span> <span class='ocrx_word' id='word_1_170' title='bbox 715 1658 829 1722; x_wconf 77' lang='lat' dir='ltr'><strong>fungitur.</strong></span> 
     </span>
     <span class='ocr_line' id='line_1_25' title="bbox 161 1722 827 1785; baseline 0.003 -16"><span class='ocrx_word' id='word_1_171' title='bbox 161 1722 216 1770; x_wconf 87' lang='lat' dir='ltr'><strong>Hos</strong></span> <span class='ocrx_word' id='word_1_172' title='bbox 232 1738 321 1785; x_wconf 85' lang='lat' dir='ltr'><strong>quoque</strong></span> <span class='ocrx_word' id='word_1_173' title='bbox 336 1722 454 1769; x_wconf 83' lang='lat' dir='ltr'><strong>sollicitare</strong></span> <span class='ocrx_word' id='word_1_174' title='bbox 469 1738 508 1784; x_wconf 86' lang='lat' dir='ltr'><strong>spe</strong></span> <span class='ocrx_word' id='word_1_175' title='bbox 520 1723 628 1769; x_wconf 75' lang='lat' dir='ltr'><strong>libertatis</strong></span> <span class='ocrx_word' id='word_1_176' title='bbox 644 1723 827 1775; x_wconf 69' lang='lat' dir='ltr'><strong>existimabatur:</strong></span> 
     </span>
    </p>
   </div>
   <div class='ocr_carea' id='block_1_3' title="bbox 89 1787 830 1849">
    <p class='ocr_par' dir='ltr' id='par_1_3' title="bbox 89 1787 830 1849">
     <span class='ocr_line' id='line_1_26' title="bbox 89 1787 830 1849; baseline 0.011 -20"><span class='ocrx_word' id='word_1_177' title='bbox 89 1824 94 1829; x_wconf 94' lang='lat'>.</span> <span class='ocrx_word' id='word_1_178' title='bbox 162 1788 208 1841; x_wconf 87' lang='lat' dir='ltr'><strong>sed,</strong></span> <span class='ocrx_word' id='word_1_179' title='bbox 221 1789 281 1849; x_wconf 88' lang='lat' dir='ltr'><strong>quod</strong></span> <span class='ocrx_word' id='word_1_180' title='bbox 290 1789 369 1835; x_wconf 85' lang='lat' dir='ltr'><strong>barum</strong></span> <span class='ocrx_word' id='word_1_181' title='bbox 383 1802 456 1835; x_wconf 83' lang='lat' dir='ltr'><strong>rerum</strong></span> <span class='ocrx_word' id='word_1_182' title='bbox 468 1787 554 1833; x_wconf 80' lang='lat' dir='ltr'><strong>nudum</strong></span> <span class='ocrx_word' id='word_1_183' title='bbox 566 1794 614 1835; x_wconf 85' lang='lat' dir='ltr'><strong>erat</strong></span> <span class='ocrx_word' id='word_1_184' title='bbox 623 1795 724 1849; x_wconf 72' lang='lat' dir='ltr'><strong>spe-tum</strong></span> <span class='ocrx_word' id='word_1_185' title='bbox 735 1791 830 1848; x_wconf 79' lang='lat' dir='ltr'><strong>crimen,</strong></span> 
     </span>
    </p>
   </div>
   <div class='ocr_carea' id='block_1_4' title="bbox 145 1852 832 2366">
    <p class='ocr_par' dir='ltr' id='par_1_4' title="bbox 145 1852 832 2366">
     <span class='ocr_line' id='line_1_27' title="bbox 160 1852 832 1914; baseline 0.009 -17"><span class='ocrx_word' id='word_1_186' title='bbox 160 1866 207 1913; x_wconf 81' lang='lat' dir='ltr'><strong>quo</strong></span> <span class='ocrx_word' id='word_1_187' title='bbox 218 1852 282 1913; x_wconf 80' lang='lat' dir='ltr'><strong>argui</strong></span> <span class='ocrx_word' id='word_1_188' title='bbox 292 1858 375 1914; x_wconf 84' lang='lat' dir='ltr'><strong>posset,</strong></span> <span class='ocrx_word' id='word_1_189' title='bbox 388 1866 434 1899; x_wconf 87' lang='lat' dir='ltr'><strong>uon</strong></span> <span class='ocrx_word' id='word_1_190' title='bbox 450 1853 558 1913; x_wconf 81' lang='lat' dir='ltr'><strong>putabant</strong></span> <span class='ocrx_word' id='word_1_191' title='bbox 572 1852 601 1899; x_wconf 85' lang='lat' dir='ltr'><strong>de</strong></span> <span class='ocrx_word' id='word_1_192' title='bbox 614 1852 654 1898; x_wconf 80' lang='lat' dir='ltr'><strong>tali</strong></span> <span class='ocrx_word' id='word_1_193' title='bbox 666 1858 756 1913; x_wconf 86' lang='lat' dir='ltr'><strong>tamque</strong></span> <span class='ocrx_word' id='word_1_194' title='bbox 769 1856 832 1905; x_wconf 82' lang='lat' dir='ltr'><strong>claro</strong></span> 
     </span>
     <span class='ocr_line' id='line_1_28' title="bbox 162 1916 828 1979; baseline 0.008 -17"><span class='ocrx_word' id='word_1_195' title='bbox 162 1916 212 1963; x_wconf 79' lang='lat' dir='ltr'><strong>uiro</strong></span> <span class='ocrx_word' id='word_1_196' title='bbox 219 1916 379 1978; x_wconf 84' lang='lat' dir='ltr'><strong>suspicionibus</strong></span> <span class='ocrx_word' id='word_1_197' title='bbox 386 1922 490 1977; x_wconf 87' lang='lat' dir='ltr'><strong>oportere</strong></span> <span class='ocrx_word' id='word_1_198' title='bbox 495 1916 605 1978; x_wconf 78' lang='lat' dir='ltr'><strong>judiosri5</strong></span> <span class='ocrx_word' id='word_1_199' title='bbox 617 1920 828 1979; x_wconf 75' lang='lat' dir='ltr'><strong>etexspeeteudum,</strong></span> 
     </span>
     <span class='ocr_line' id='line_1_29' title="bbox 163 1980 824 2043; baseline 0 -16"><span class='ocrx_word' id='word_1_200' title='bbox 163 1981 217 2027; x_wconf 87' lang='lat' dir='ltr'><strong>dum</strong></span> <span class='ocrx_word' id='word_1_201' title='bbox 228 1996 253 2027; x_wconf 85' lang='lat' dir='ltr'><strong>se</strong></span> <span class='ocrx_word' id='word_1_202' title='bbox 263 1980 311 2043; x_wconf 82' lang='lat' dir='ltr'><strong>ipsa</strong></span> <span class='ocrx_word' id='word_1_203' title='bbox 322 1995 357 2027; x_wconf 88' lang='lat' dir='ltr'><strong>res</strong></span> <span class='ocrx_word' id='word_1_204' title='bbox 368 1981 470 2043; x_wconf 76' lang='lat' dir='ltr'><strong>aperitet.</strong></span> <span class='ocrx_word' id='word_1_205' title='bbox 656 2019 662 2027; x_wconf 78' lang='grc'>,</span> <span class='ocrx_word' id='word_1_206' title='bbox 819 2026 824 2035; x_wconf 79' lang='grc'>,</span> 
     </span>
     <span class='ocr_line' id='line_1_30' title="bbox 194 2042 828 2111; baseline 0.011 -20"><span class='ocrx_word' id='word_1_207' title='bbox 194 2044 239 2091; x_wconf 88' lang='lat' dir='ltr'><strong>1v.</strong></span> <span class='ocrx_word' id='word_1_208' title='bbox 255 2042 349 2090; x_wconf 84' lang='lat' dir='ltr'><strong>Interim</strong></span> <span class='ocrx_word' id='word_1_209' title='bbox 357 2045 458 2107; x_wconf 83' lang='lat' dir='ltr'><strong>Argilio</strong></span> <span class='ocrx_word' id='word_1_210' title='bbox 464 2046 561 2107; x_wconf 82' lang='lat' dir='ltr'><strong>quidam,</strong></span> <span class='ocrx_word' id='word_1_211' title='bbox 568 2045 753 2104; x_wconf 79' lang='lat' dir='ltr'><strong>adolescentulus,</strong></span> <span class='ocrx_word' id='word_1_212' title='bbox 760 2067 828 2111; x_wconf 83' lang='lat' dir='ltr'><strong>quem</strong></span> 
     </span>
     <span class='ocr_line' id='line_1_31' title="bbox 161 2108 827 2173; baseline 0.009 -18"><span class='ocrx_word' id='word_1_213' title='bbox 161 2124 255 2173; x_wconf 88' lang='lat' dir='ltr'><strong>puerum</strong></span> <span class='ocrx_word' id='word_1_214' title='bbox 277 2108 399 2157; x_wconf 82' lang='lat' dir='ltr'><strong>Pausaniae</strong></span> <span class='ocrx_word' id='word_1_215' title='bbox 420 2126 497 2157; x_wconf 87' lang='lat' dir='ltr'><strong>amore</strong></span> <span class='ocrx_word' id='word_1_216' title='bbox 512 2109 617 2159; x_wconf 86' lang='lat' dir='ltr'><strong>Venereo</strong></span> <span class='ocrx_word' id='word_1_217' title='bbox 638 2112 751 2169; x_wconf 78' lang='lat' dir='ltr'><strong>dilexerat,</strong></span> <span class='ocrx_word' id='word_1_218' title='bbox 774 2132 827 2165; x_wconf 80' lang='lat' dir='ltr'><strong>oum</strong></span> 
     </span>
     <span class='ocr_line' id='line_1_32' title="bbox 161 2173 827 2239; baseline 0.008 -18"><span class='ocrx_word' id='word_1_219' title='bbox 161 2173 278 2236; x_wconf 81' lang='lat' dir='ltr'><strong>epistolam</strong></span> <span class='ocrx_word' id='word_1_220' title='bbox 294 2174 321 2221; x_wconf 87' lang='lat' dir='ltr'><strong>sb</strong></span> <span class='ocrx_word' id='word_1_221' title='bbox 336 2190 363 2221; x_wconf 86' lang='lat' dir='ltr'><strong>eo</strong></span> <span class='ocrx_word' id='word_1_222' title='bbox 378 2174 406 2220; x_wconf 85' lang='lat' dir='ltr'><strong>sd</strong></span> <span class='ocrx_word' id='word_1_223' title='bbox 422 2175 563 2222; x_wconf 74' lang='lat' dir='ltr'><strong>Artabazum</strong></span> <span class='ocrx_word' id='word_1_224' title='bbox 578 2176 705 2237; x_wconf 84' lang='lat' dir='ltr'><strong>aooepisset,</strong></span> <span class='ocrx_word' id='word_1_225' title='bbox 722 2180 787 2239; x_wconf 86' lang='lat' dir='ltr'><strong>eique</strong></span> <span class='ocrx_word' id='word_1_226' title='bbox 799 2184 827 2231; x_wconf 78' lang='lat' dir='ltr'><strong>in</strong></span> 
     </span>
     <span class='ocr_line' id='line_1_33' title="bbox 145 2238 828 2309; baseline 0.007 -23"><span class='ocrx_word' id='word_1_227' title='bbox 145 2254 151 2265; x_wconf 69' lang='grc'><em>’</em></span> <span class='ocrx_word' id='word_1_228' title='bbox 162 2238 310 2301; x_wconf 83' lang='lat' dir='ltr'><strong>suspicionem</strong></span> <span class='ocrx_word' id='word_1_229' title='bbox 321 2238 426 2292; x_wconf 85' lang='lat' dir='ltr'><strong>venisset,</strong></span> <span class='ocrx_word' id='word_1_230' title='bbox 438 2239 520 2301; x_wconf 87' lang='lat' dir='ltr'><strong>aliquid</strong></span> <span class='ocrx_word' id='word_1_231' title='bbox 534 2240 557 2286; x_wconf 88' lang='lat' dir='ltr'><strong>iu</strong></span> <span class='ocrx_word' id='word_1_232' title='bbox 572 2238 599 2287; x_wconf 76' lang='lat' dir='ltr'><strong>el</strong></span> <span class='ocrx_word' id='word_1_233' title='bbox 612 2240 640 2287; x_wconf 88' lang='lat' dir='ltr'><strong>de</strong></span> <span class='ocrx_word' id='word_1_234' title='bbox 655 2256 680 2287; x_wconf 92' lang='lat' dir='ltr'><strong>se</strong></span> <span class='ocrx_word' id='word_1_235' title='bbox 692 2256 743 2289; x_wconf 88' lang='lat' dir='ltr'><strong>esse</strong></span> <span class='ocrx_word' id='word_1_236' title='bbox 756 2248 828 2309; x_wconf 71' lang='lat' dir='ltr'><strong>scrtp÷</strong></span> 
     </span>
     <span class='ocr_line' id='line_1_34' title="bbox 160 2302 829 2366; baseline 0.003 -14"><span class='ocrx_word' id='word_1_237' title='bbox 160 2312 216 2357; x_wconf 86' lang='lat' dir='ltr'><strong>tum,</strong></span> <span class='ocrx_word' id='word_1_238' title='bbox 228 2302 288 2365; x_wconf 91' lang='lat' dir='ltr'><strong>quod</strong></span> <span class='ocrx_word' id='word_1_239' title='bbox 300 2318 366 2350; x_wconf 87' lang='lat' dir='ltr'><strong>nemo</strong></span> <span class='ocrx_word' id='word_1_240' title='bbox 378 2319 455 2351; x_wconf 86' lang='lat' dir='ltr'><strong>eorum</strong></span> <span class='ocrx_word' id='word_1_241' title='bbox 467 2305 574 2358; x_wconf 85' lang='lat' dir='ltr'><strong>rediisset,</strong></span> <span class='ocrx_word' id='word_1_242' title='bbox 585 2305 624 2365; x_wconf 89' lang='lat' dir='ltr'><strong>qui</strong></span> <span class='ocrx_word' id='word_1_243' title='bbox 634 2320 700 2366; x_wconf 87' lang='lat' dir='ltr'><strong>super</strong></span> <span class='ocrx_word' id='word_1_244' title='bbox 710 2307 750 2353; x_wconf 84' lang='lat' dir='ltr'><strong>tui</strong></span> <span class='ocrx_word' id='word_1_245' title='bbox 760 2314 829 2363; x_wconf 60' lang='lat' dir='ltr'><strong>caua</strong></span> 
     </span>
    </p>
   </div>
   <div class='ocr_carea' id='block_1_5' title="bbox 130 2365 827 2689">
    <p class='ocr_par' dir='ltr' id='par_1_5' title="bbox 130 2365 827 2689">
     <span class='ocr_line' id='line_1_35' title="bbox 161 2365 826 2443; baseline 0.015 -32"><span class='ocrx_word' id='word_1_246' title='bbox 161 2368 241 2419; x_wconf 81' lang='lat' dir='ltr'><strong>eodem</strong></span> <span class='ocrx_word' id='word_1_247' title='bbox 262 2367 324 2414; x_wconf 86' lang='lat' dir='ltr'><strong>missi</strong></span> <span class='ocrx_word' id='word_1_248' title='bbox 346 2376 424 2425; x_wconf 87' lang='lat' dir='ltr'><strong>ersut;</strong></span> <span class='ocrx_word' id='word_1_249' title='bbox 449 2370 538 2417; x_wconf 79' lang='lat' dir='ltr'><strong>vincula</strong></span> <span class='ocrx_word' id='word_1_250' title='bbox 556 2368 656 2430; x_wconf 83' lang='lat' dir='ltr'><strong>epistolae</strong></span> <span class='ocrx_word' id='word_1_251' title='bbox 678 2365 826 2443; x_wconf 74' lang='lat' dir='ltr'><strong>[laceravit3]</strong></span> 
     </span>
     <span class='ocr_line' id='line_1_36' title="bbox 145 2432 827 2496; baseline 0.003 -16"><span class='ocrx_word' id='word_1_252' title='bbox 145 2482 146 2489; x_wconf 11' lang='grc' dir='ltr'>ἵ</span> <span class='ocrx_word' id='word_1_253' title='bbox 162 2435 271 2496; x_wconf 83' lang='lat' dir='ltr'><strong>signoque</strong></span> <span class='ocrx_word' id='word_1_254' title='bbox 285 2432 391 2486; x_wconf 87' lang='lat' dir='ltr'><strong>detracto,</strong></span> <span class='ocrx_word' id='word_1_255' title='bbox 409 2434 523 2495; x_wconf 78' lang='lat' dir='ltr'><strong>coguovit,</strong></span> <span class='ocrx_word' id='word_1_256' title='bbox 539 2433 558 2479; x_wconf 88' lang='lat' dir='ltr'><strong>si</strong></span> <span class='ocrx_word' id='word_1_257' title='bbox 571 2433 704 2494; x_wconf 85' lang='lat' dir='ltr'><strong>pertulisset,</strong></span> <span class='ocrx_word' id='word_1_258' title='bbox 719 2436 759 2481; x_wconf 79' lang='lat' dir='ltr'><strong>orbi</strong></span> <span class='ocrx_word' id='word_1_259' title='bbox 775 2454 827 2491; x_wconf 60' lang='lat' dir='ltr'><strong>ean</strong></span> 
     </span>
     <span class='ocr_line' id='line_1_37' title="bbox 161 2494 825 2559; baseline 0.009 -16"><span class='ocrx_word' id='word_1_260' title='bbox 161 2497 305 2559; x_wconf 86' lang='lat' dir='ltr'><strong>pereundum.</strong></span> <span class='ocrx_word' id='word_1_261' title='bbox 340 2496 414 2545; x_wconf 85' lang='lat' dir='ltr'><strong>Erant</strong></span> <span class='ocrx_word' id='word_1_262' title='bbox 428 2498 451 2543; x_wconf 88' lang='lat' dir='ltr'><strong>in</strong></span> <span class='ocrx_word' id='word_1_263' title='bbox 469 2496 547 2545; x_wconf 76' lang='lat' dir='ltr'><strong>eddem</strong></span> <span class='ocrx_word' id='word_1_264' title='bbox 564 2494 663 2559; x_wconf 76' lang='lat' dir='ltr'><strong>epistolii,</strong></span> <span class='ocrx_word' id='word_1_265' title='bbox 682 2514 733 2559; x_wconf 82' lang='lat' dir='ltr'><strong>quae</strong></span> <span class='ocrx_word' id='word_1_266' title='bbox 751 2502 781 2548; x_wconf 89' lang='lat' dir='ltr'><strong>sd</strong></span> <span class='ocrx_word' id='word_1_267' title='bbox 796 2520 825 2553; x_wconf 80' lang='lat' dir='ltr'><strong>ea</strong></span> 
     </span>
     <span class='ocr_line' id='line_1_38' title="bbox 130 2560 825 2624; baseline 0.017 -21"><span class='ocrx_word' id='word_1_268' title='bbox 130 2596 133 2603; x_wconf 87' lang='lat'><em>.</em></span> <span class='ocrx_word' id='word_1_269' title='bbox 161 2562 305 2622; x_wconf 72' lang='lat' dir='ltr'><strong>pertinebunt,</strong></span> <span class='ocrx_word' id='word_1_270' title='bbox 318 2576 369 2621; x_wconf 82' lang='lat' dir='ltr'><strong>quae</strong></span> <span class='ocrx_word' id='word_1_271' title='bbox 384 2562 443 2607; x_wconf 86' lang='lat' dir='ltr'><strong>iuter</strong></span> <span class='ocrx_word' id='word_1_272' title='bbox 458 2577 535 2623; x_wconf 81' lang='lat' dir='ltr'><strong>regern</strong></span> <span class='ocrx_word' id='word_1_273' title='bbox 548 2560 725 2624; x_wconf 69' lang='lat' dir='ltr'><strong>Pausanamqrre</strong></span> <span class='ocrx_word' id='word_1_274' title='bbox 740 2580 825 2616; x_wconf 67' lang='lat' dir='ltr'><strong>mure,</strong></span> 
     </span>
     <span class='ocr_line' id='line_1_39' title="bbox 160 2624 823 2689; baseline 0.015 -18"><span class='ocrx_word' id='word_1_275' title='bbox 160 2632 245 2673; x_wconf 77' lang='lat' dir='ltr'><strong>uenut.</strong></span> <span class='ocrx_word' id='word_1_276' title='bbox 281 2624 332 2675; x_wconf 83' lang='lat' dir='ltr'><strong>Hos</strong></span> <span class='ocrx_word' id='word_1_277' title='bbox 348 2626 385 2673; x_wconf 87' lang='lat' dir='ltr'><strong>ille</strong></span> <span class='ocrx_word' id='word_1_278' title='bbox 399 2626 475 2674; x_wconf 84' lang='lat' dir='ltr'><strong>literas</strong></span> <span class='ocrx_word' id='word_1_279' title='bbox 486 2627 575 2689; x_wconf 83' lang='lat' dir='ltr'><strong>ephoris</strong></span> <span class='ocrx_word' id='word_1_280' title='bbox 590 2626 686 2675; x_wconf 76' lang='lat' dir='ltr'><strong>tradidit·</strong></span> <span class='ocrx_word' id='word_1_281' title='bbox 721 2627 823 2681; x_wconf 79' lang='lat' dir='ltr'><strong>Nouest</strong></span> 
     </span>
    </p>
   </div>
   <div class='ocr_carea' id='block_1_6' title="bbox 0 0 940 2917">
    <p class='ocr_par' dir='ltr' id='par_1_6' title="bbox 0 0 940 2917">
     <span class='ocr_line' id='line_1_40' title="bbox 0 0 940 2917; baseline 0 0"><span class='ocrx_word' id='word_1_282' title='bbox 0 0 940 2917; x_wconf 95' lang='lat' dir='ltr'><strong> </strong></span> 
     </span>
    </p>
   </div>
  </div>
 </body>
</html>
