1859 2917
124 152 126 155 -
185 114 237 167 DE
255 108 334 166 SlTlJ
350 114 459 173 ORBIS,
478 116 532 168 Lu.
547 118 568 171 1.
585 118 646 171 Car.
660 124 684 171 7.
739 123 767 172 11

210 308 270 359 Car.
284 308 474 373 VIL-Afiu'ra
480 313 658 375 proprrs‘ediota.

130 436 215 501 Regio,
231 454 283 500 quie
296 440 396 501 sequitur
404 455 419 487 a
427 440 583 503 promontorio
593 438 728 502 Metagonio
738 438 769 486 ad

96 500 160 549 Aras
177 502 338 559 Philaenorum,
354 507 443 568 proprie
460 521 544 553 nomen
559 506 646 553 Africae
664 511 767 567 umrpat.

97 564 128 612 In
143 564 171 613 ed
186 576 240 615 sunt
255 570 342 632 oppida,
360 569 439 633 Hippo
454 570 551 633 Regius,
566 577 591 617 et
605 570 727 623 Rusicade,
744 575 768 615 et

97 630 230 679 Thabraca:
250 634 301 681 dein
318 636 361 683 tria
372 636 532 697 promontoria,
546 633 680 689 Candidum,
692 635 767 696 Apol·

96 696 158 750 linis,
171 696 287 753 Mercurii,
300 706 364 747 vaste
373 702 473 763 projecta
482 700 506 746 in
517 700 595 754 altum,
604 701 661 746 duos
669 699 766 761 grandes

97 762 163 807 sinus
179 762 286 809 efficiunt.
314 762 486 827 Hipponensem
499 772 583 812 vocant
596 765 724 826 proximum
739 764 767 809 ab

98 824 210 887 Hippone
221 826 353 889 Diarrhyto,
369 830 430 889 quod
443 830 503 876 litori
518 830 566 891 ejus
580 830 706 891 appositum
721 834 765 874 est.

98 888 129 936 In
141 892 212 937 altero
221 900 273 939 sunt
283 892 364 941 Castra
374 893 457 947 Dellia,
468 892 550 941 Castra
558 892 670 947 Cornelia,
682 892 767 938 flumen

96 954 221 1017 Bagrada3
239 959 302 1005 urbes
319 958 388 1005 Utica
402 966 425 1005 et
440 957 563 1021 Carthago,
580 960 653 1006 ambae
665 957 766 1018 inclytae,

97 1021 173 1067 ambae
188 1036 201 1067 a
216 1020 360 1070 Phoenicibus
376 1024 487 1071 conditae:
506 1025 545 1071 illa
559 1024 607 1071 tato
621 1022 715 1071 Catonis
730 1023 767 1067 in·

96 1084 178 1147 signis,
196 1086 245 1133 haec
260 1102 316 1147 suo3
333 1104 393 1136 nunc
403 1089 479 1151 populi
490 1089 589 1135 Romani
599 1087 695 1140 colonia
712 1086 766 1132 olim

96 1149 186 1213 imperii
204 1152 253 1214 ejus
271 1154 374 1214 pertinax
393 1154 488 1212 aemula3
507 1156 556 1216 jam
575 1152 665 1213 quidem
683 1152 765 1198 iterum

96 1216 212 1277 opulenta,
224 1218 291 1263 etiam
303 1232 364 1266 nunc
374 1226 451 1266 tamen
461 1219 561 1281 priorum
576 1216 665 1264 excidio
680 1230 763 1270 rerum,

95 1295 165 1341 quam
174 1297 217 1343 ope
224 1284 376 1343 praesentium,
384 1284 471 1332 clarior.
489 1283 663 1334 Hadrumetum,
676 1279 763 1342 Iaeptia,

95 1343 193 1407 Clupea,
203 1347 306 1402 Acholla,
316 1348 439 1411 Taphrure,
450 1348 566 1410 Neapolis,
578 1348 631 1393 binc
638 1346 667 1393 ad
677 1346 764 1407 Syrtim

94 1411 206 1473 adjrrcent
216 1419 241 1459 ut
249 1413 307 1459 inter
317 1414 429 1475 ignobilia,
441 1414 598 1461 celeberrime.
618 1411 692 1473 Syrtis
702 1411 765 1457 sinus

94 1484 138 1529 est,
148 1484 239 1523 centum
249 1477 296 1525 fere
303 1478 372 1524 millia
378 1494 491 1541 passuum,
504 1475 548 1538 qud
553 1492 616 1523 mare
626 1476 714 1538 accipit,
724 1490 765 1537 pa·

94 1547 162 1599 tens3
175 1548 280 1596 trecenta,
293 1540 337 1603 qud
348 1544 432 1605 cingit:
445 1558 525 1591 verum
535 1542 687 1604 importuosus
697 1548 766 1601 atque

94 1613 169 1661 atrox,
182 1614 212 1661 et,
225 1608 253 1653 ob
264 1608 371 1654 vadorum
386 1608 536 1669 frequentium
550 1607 633 1660 brevia,
648 1605 767 1666 magisque

93 1672 165 1717 etlam
176 1672 205 1718 ob
213 1672 310 1719 alternos
318 1679 393 1719 motus
404 1673 479 1735 pelagi
486 1672 598 1719 affluentis
606 1686 632 1718 ac
640 1669 763 1723 refluentis,

93 1735 199 1783 infestus.
221 1737 375 1799 Superbum,
391 1738 473 1800 ingens
487 1738 552 1801 palus
565 1750 654 1783 amnem
668 1733 766 1781 Tritona

94 1802 181 1863 recipit,
197 1801 245 1863 ipsa
260 1800 377 1850 Tritonis:
396 1802 457 1850 unde
472 1810 496 1849 et
510 1802 626 1850 Mmerrae
636 1812 764 1861 cognomen

93 1866 190 1913 inditum
207 1874 248 1921 est,
267 1874 292 1914 ut
307 1867 389 1915 incolae
406 1868 547 1921 arbitrantur,
564 1866 594 1912 ibi
610 1864 711 1927 genitae:
728 1862 764 1911 fn·

74 1994 78 1999 .
93 1932 202 1992 aiuntque
218 1932 239 1978 ei
255 1930 338 1979 fabulae
353 1934 449 1995 aliquam
465 1931 540 1986 iidem,
557 1930 626 1992 quod,
643 1944 711 1990 quem
723 1942 765 1975 na-

93 1998 163 2050 talem
179 1997 228 2059 ejus
243 2004 330 2059 putant,
346 1998 436 2045 ludicris
450 1998 564 2060 virginum
578 1996 638 2041 inter
651 2010 677 2041 se
687 1994 763 2041 docer-

93 2062 190 2109 tantium
202 2062 320 2109 celebrant.
336 2062 404 2110 Ultra
412 2068 447 2109 est
459 2064 506 2110 OEa
516 2061 629 2124 oppidum,
641 2066 665 2106 et
674 2057 764 2121 Cinyps

93 2126 177 2175 fluuus
194 2142 235 2189 per
251 2128 361 2188 uberrima
370 2143 424 2175 arva
435 2128 552 2174 decidens:
571 2134 620 2172 turn
635 2123 716 2186 Iaeptis
732 2123 766 2171 al·

93 2198 149 2247 tera,
162 2199 186 2239 et
198 2192 278 2254 Syrtis,
290 2192 381 2239 nomine
392 2200 458 2253 atque
468 2192 561 2253 ingenio
570 2206 612 2253 par
621 2190 704 2252 priori;
718 2204 765 2235 cas-

93 2265 168 2307 tarum
182 2258 253 2305 altero
262 2257 310 2305 fere
321 2258 392 2319 spatio
407 2256 452 2318 qud
466 2257 567 2311 dehiscit,
579 2252 669 2317 quique
678 2253 764 2300 flexum

93 2324 149 2389 aglt,
218 2322 267 2371 lior.
296 2322 355 2385 Ejus
371 2322 550 2383 promontorium
566 2328 602 2367 est
617 2319 719 2374 Borion;
737 2318 765 2363 ab

95 2401 170 2451 eoque
201 2338 285 2449 dipteri
296 2403 336 2433 ora
347 2387 424 2451 (quarn
437 2386 566 2448 Lotophagi
576 2384 676 2430 tenuisse
685 2382 765 2427 dieun-

98 2452 145 2514 tur)
154 2467 225 2513 usque
236 2452 264 2497 ad
273 2450 392 2513 Phycunta
404 2452 439 2515 (ct
446 2451 470 2497 id
477 2448 656 2513 promontorium
664 2442 711 2504 eat)
719 2444 765 2489 im·

97 2526 203 2583 portuoso
216 2517 283 2563 litore
297 2516 399 2578 pertinet.
423 2515 481 2563 Arae
495 2515 551 2577 ipsse
565 2525 649 2558 nomen
665 2524 695 2556 ex
710 2507 767 2554 Pbi-

97 2584 160 2631 laenls
169 2582 274 2628 fratribus
285 2578 381 2634 traxdre,
398 2582 443 2641 qui,
461 2585 541 2626 contro
552 2574 692 2636 Cyrenaicos
702 2573 765 2619 missi

99 2646 235 2709 Cartbagine
243 2646 271 2695 nd
281 2645 429 2694 dirimendum
440 2643 571 2750 conunong
576 2640 669 2695 bellum,
675 2638 713 2686 diu
717 2639 764 2701 jor

405 2728 407 2731 ·
516 2720 540 2753 aa
