1859 2917
196 80 246 131 DE
262 80 341 131 SITU
357 82 465 139 ORBIS,
484 82 538 133 Lu·
548 83 583 131 11.
601 82 662 135 Car.
673 87 698 129 4.
747 90 783 134 89

107 213 212 259 cundum
222 212 374 273 Apolloniam,
386 212 436 261 Nar
450 213 509 261 inter
519 213 615 275 Pyram
623 219 648 260 et
657 211 779 266 Liburnos,

107 292 152 339 per
165 276 237 323 istros
248 274 314 330 later,
326 278 441 325 emittitur.
462 278 581 342 Tergeste,
596 278 676 327 intimo
690 276 714 323 iu
728 276 780 323 sinu

108 342 193 389 Adriae
203 342 277 397 situm,
290 341 339 388 finit
349 340 474 404 Illyricum.

323 592 387 677 Cau.³
398 594 568 644 1v.-1ntta.

142 724 183 772 De
194 722 266 779 Italici,
277 726 350 789 magis
361 726 412 787 quia
419 728 475 775 ordo
484 728 562 789 exigit,
573 742 640 788 quam
650 726 702 787 quia
712 743 777 774 mon-
855 758 860 769 ι

103 789 176 853 Πήκω-ἰ
192 798 252 851 eget,
269 806 339 852 pauca
354 792 469 839 dicentur:
491 800 544 839 nota
560 799 613 839 aaut
630 792 715 845 omnia,
738 792 777 839 Ab

107 853 207 914 Alpibus
218 854 295 916 incipit
305 856 328 901 in
339 856 408 903 altum
419 857 533 910 excedere,
544 864 619 918 atque,
633 864 658 903 ut
668 856 775 917 procedit,

107 933 135 963 se
152 918 227 966 media
242 928 348 981 perpetuo
360 921 419 983 jugo
435 922 549 983 Apennini
564 921 648 967 montis
662 920 791 989 attollens&

106 982 169 1029 iuter
184 983 322 1031 Adriaticum
337 993 361 1031 et
376 984 486 1039 Tuscum,
503 986 551 1032 sive
567 987 604 1049 (ut
619 986 683 1031 aliter
698 986 775 1031 eadem

106 1046 260 1108 appellantur)
270 1049 328 1095 inter
336 1049 445 1111 Superum
453 1066 514 1097 mare
521 1058 545 1097 et
553 1048 661 1103 Inferum,
670 1050 777 1105 excurrit,

105 1110 148 1157 diu
159 1112 236 1159 solida.
262 1112 348 1159 Verum
359 1115 396 1161 ubi
407 1114 475 1176 longe
485 1115 537 1169 abit,
549 1115 573 1159 in
583 1114 628 1160 duo
638 1129 722 1160 cornua
732 1114 776 1159 iiu-

106 1175 177 1229 ditur,
193 1177 326 1239 respicitque
340 1178 410 1225 altero
426 1180 526 1225 Siculum
540 1178 640 1240 pelagus,
654 1178 724 1224 altero
736 1177 775 1224 Io-

106 1240 188 1298 nium5
203 1248 251 1288 tota
260 1250 363 1304 augusta,
375 1250 398 1289 et
408 1244 487 1291 alicubi
495 1244 574 1295 multo,
586 1258 652 1303 quam
661 1242 720 1288 uude
727 1257 775 1289 coe·

104 1303 149 1365 pit,
168 1305 291 1367 angustior.
315 1305 424 1354 Interiora
436 1309 488 1369 ejus
505 1308 555 1355 aliae
569 1308 663 1367 aliaeque
677 1314 773 1371 genten
829 1318 833 1322 ·

104 1367 199 1415 sinistri
212 1378 274 1431 parte
291 1368 360 1419 Carni
373 1379 397 1418 et
407 1372 490 1419 Veneti
505 1372 583 1419 colunt
592 1370 705 1433 Togatam
717 1372 775 1419 Gal·

7 1480 10 1487 ,
104 1432 161 1479 liam
168 1450 177 1489 ς
193 1443 241 1481 tum
253 1432 324 1481 Italici
335 1436 418 1498 populi,
431 1436 543 1489 Picentes,
555 1435 671 1490 Frentani,
685 1434 772 1490 Dauni,

104 1496 185 1558 Apuli,
199 1496 293 1553 Calabri,
307 1500 429 1549 Sallentini.
454 1501 494 1547 Ad
504 1500 604 1547 dextram
615 1507 667 1547 aunt
679 1501 719 1546 sub
730 1500 774 1547 Al-

103 1562 172 1623 pibus
186 1560 291 1625 Ligures,
305 1565 345 1611 aub
356 1564 478 1627 Apennino
488 1565 595 1623 Etruria3
611 1573 663 1625 post
674 1564 773 1620 Latium,

103 1625 194 1680 Volsci,
212 1626 341 1689 Campania,
350 1636 379 1683 et,
386 1644 452 1691 super
462 1628 594 1683 Lucaniam,
605 1628 697 1675 Bruttii.
725 1628 773 1675 Ur-

102 1690 175 1744 bium,
190 1707 241 1751 quae
256 1693 334 1753 procul
349 1708 362 1741 a
378 1694 434 1739 mari
449 1694 582 1747 habitantur,
599 1693 774 1754 opulentissimae

103 1761 167 1809 sunt,
185 1754 213 1801 ad
229 1756 340 1803 sinistram
358 1757 476 1805 Patavium
494 1758 625 1811 Antenoris,
642 1756 735 1805 Mutina
750 1764 775 1805 et

102 1818 217 1875 Bononia,
229 1820 384 1869 Romanorum
395 1822 503 1869 coloniae:
520 1822 548 1868 ad
558 1822 659 1869 dextram
671 1820 750 1883 Capua
759 1838 775 1869 a

101 1882 779 1950 Tuscis,etRomaquondamapastoinbuaeopditmnuuc,
848 1933 850 1940 s

103 1948 125 1994 si
144 1963 185 2009 pro
203 1947 295 1997 materii
313 1950 405 2005 dicatur,
425 1951 519 1998 alterum
538 1967 601 2014 opus.
631 1951 665 2004 At
683 1951 707 1996 in
727 1952 773 1998 oria

102 2013 207 2074 proxima
221 2021 256 2061 est
266 2030 279 2061 a
289 2014 400 2077 Tergeste
412 2014 546 2063 Concordia.
570 2013 683 2063 Interfluit
692 2014 773 2062 Tima-

103 2092 155 2130 vus,
172 2090 253 2125 novem
267 2080 374 2139 capitibus
388 2095 520 2143 exsurgens,
534 2095 580 2126 uuo
591 2081 649 2127 ostio
660 2080 768 2127 emissus:

103 2140 185 2189 deinde
196 2140 276 2189 Natiso
288 2158 333 2189 nou
343 2144 412 2206 longe
422 2160 437 2191 a
446 2145 502 2191 mari
516 2145 584 2193 ditem
597 2146 688 2207 attingit
699 2144 772 2205 Aqui-

103 2206 178 2251 leiam.
195 2204 261 2253 Ultra
272 2208 425 2257 estAltinmn·
445 2209 772 2271 Supernalateoccupatlitom

104 2269 188 2317 Padus·
218 2270 329 2333 Namque,
349 2274 376 2319 ab
394 2274 445 2320 imis
464 2275 573 2321 radicibus
589 2274 669 2321 Vesuli
687 2274 775 2332 montis,

103 2342 204 2388 exortus,
216 2336 290 2397 parvis
305 2353 329 2384 se
340 2338 437 2400 primum
449 2354 462 2383 e
472 2329 571 2385 fontibus
581 2338 680 2399 colligit3
697 2344 720 2382 et
730 2337 772 2382 ali-

103 2395 213 2459 qudtenus
223 2400 287 2447 exilis
297 2416 324 2448 ac
334 2418 416 2456 macer,
428 2418 484 2449 mox
493 2403 542 2450 aliia
552 2404 654 2449 amnibus
663 2401 719 2450 adeo
730 2415 771 2446 au·

101 2463 175 2523 gescit
190 2470 255 2525 atque
270 2466 343 2521 alitur,
360 2474 385 2513 ut
400 2482 424 2513 se
436 2474 576 2529 perceptam
590 2466 622 2512 ad
631 2471 773 2526 postremum,

102 2527 160 2573 ostia
169 2524 275 2576 effirndat.
295 2529 374 2577 Unum
385 2531 413 2577 de
423 2530 463 2581 eis,
472 2544 588 2591 magnum,
598 2528 685 2576 Padum
693 2527 774 2588 appel-¹

100 2598 155 2646 lant
182 2590 240 2642 inde
254 2602 299 2649 tam
315 2595 373 2643 citus
387 2594 481 2662 prosilit,
497 2602 530 2661 ut,
542 2592 648 2649 mausus
657 2589 774 2649 ilucfibffir
