1859 2917
279 89 364 153 xvii
379 70 587 151 romulus.
733 103 766 155 ss

94 226 152 279 llum
169 228 351 292 mrgtmtuuro,
368 236 394 281 ut
405 224 429 277 ‘si
445 228 547 291 privatus
561 229 586 279 ln
600 226 693 280 aomltln
704 236 768 277 esset

94 296 193 357 spone
220 291 293 357 Cujus
303 294 430 356 aemulum
440 294 527 341 utinun
537 295 682 356 imperotores
694 293 768 340 nostri

94 360 161 419 sequi
181 358 322 410 voluissent!
352 358 400 407 ssi
417 358 471 406 illue
492 358 615 408 redonnus.
644 358 768 420 medum

94 423 269 485 opulentissimo
290 438 363 485 regno
380 423 503 486 praeposuit
519 424 602 471 bouum
620 422 769 472 cosumma-

95 502 157 541 ηοω,
176 488 292 549 multoque
307 488 427 551 gloriosius
442 488 514 541 duxit,
531 488 551 537 si
566 487 675 538 instimtis
687 487 768 551 paula

96 553 215 629 puniisset,
237 568 305 613 quarn
326 554 346 599 si
366 553 425 599 bello
442 550 570 613 superisaet
588 553 675 601 Asiam·
712 550 767 599 Hae

95 616 170 679 sigitur
179 624 256 664 mmte
271 617 445 679 Hmepontum
460 618 536 679 copus
549 618 643 680 trajecit,
660 613 767 677 nanque

96 697 151 729 usus
167 688 203 729 est
218 682 337 735 eeleritate,
353 689 386 736 ut,
402 681 462 742 quod
476 683 520 729 iter
534 680 626 729 Xerxes
639 696 699 728 anno
713 696 767 728 ver-

95 754 160 793 tente
170 745 304 800 confecerat,
317 747 352 793 hio
367 746 479 793 transierit
493 746 586 809 triginta
597 746 682 793 diebus·
704 744 765 793 Cum

90 812 140 875 jam
153 810 213 857 hsud
224 812 255 857 ita
265 811 334 873 louge
347 812 434 859 abesset
447 826 462 859 a
475 810 641 873 Peloponneso,
658 810 766 857 obsistere

93 877 116 923 ei
127 875 204 923 conati
216 882 269 922 sunt
282 876 433 923 Athenienses
448 883 473 923 et
488 874 573 929 Boeoti,
591 874 711 935 ceterique
725 890 766 923 eo-

94 942 146 991 ruin
158 940 221 993 socii,
233 940 292 1002 apud
303 938 446 999 Coroneam
459 955 516 1001 quos
525 956 605 987 omnes
612 940 676 1003 gtari
684 939 767 1002 proelio

92 1006 159 1057 vicit.
186 1003 264 1067 Hujus
279 1004 381 1053 victoum
396 1004 434 1053 vel
449 1006 547 1053 maxima
562 1004 606 1052 tuit
620 1004 677 1059 laun
695 1003 766 1065 quod.

92 1086 147 1119 eum
159 1070 259 1131 plerique
269 1084 298 1116 ex
307 1067 363 1132 lugi
373 1084 398 1116 se
407 1070 431 1115 in
441 1070 550 1131 templum
561 1069 676 1117 Minervae
688 1068 767 1131 conje-

92 1135 188 1189 eissent,
206 1143 386 1195 quaerereturque
400 1134 428 1181 ah
443 1149 478 1187 eo,
498 1134 554 1195 quid
566 1134 602 1180 hia
615 1133 663 1180 lieri
679 1131 765 1191 venen

93 1200 138 1255 etsi
157 1200 243 1259 aliquot
260 1199 353 1247 vulnera
370 1206 487 1260 acceperat
503 1214 531 1245 eo
547 1198 636 1259 proelio,
656 1205 680 1245 et
694 1198 766 1245 iratus

92 1264 213 1313 uidebatur
223 1264 326 1310 omnibus
337 1263 375 1325 qui
382 1263 489 1310 adversus
496 1262 674 1320 armatulerrmt3
687 1269 764 1308 tamen

92 1328 403 1390 antetulitr'raeseligionsrm
417 1326 664 1381 eteoavstuituiolnri.
681 1325 765 1387 Neque

93 1410 151 1444 vero
167 1394 211 1439 hoc
227 1392 300 1439 solum
312 1392 336 1439 in
346 1390 443 1441 orest
452 1392 514 1446 seuit,
527 1400 555 1439 ut
565 1392 649 1453 ternpla
658 1390 765 1446 Deorum
867 1443 872 1452 .

94 1465 174 1507 saneta
184 1458 290 1514 haberet3
301 1458 346 1503 sed
357 1458 424 1507 etiarn
433 1457 499 1519 (spuo
511 1458 616 1504 barbaros
629 1453 717 1504 summi
727 1471 766 1503 re-

94 1522 181 1585 ligione
192 1522 268 1568 omnia
278 1522 508 1584 simulantemque
514 1522 664 1569 conservavit.
682 1519 765 1581 Itaque

93 1587 237 1649 praedicabat,
253 1587 327 1633 mirari
342 1602 373 1641 se,
389 1600 436 1633 non
448 1586 608 1648 sacrilegorum
618 1592 713 1633 humero
722 1586 766 1631 ha-

93 1652 150 1705 beri,
158 1650 343 1712 qui'supplicibus
353 1664 431 1697 eorum
442 1650 587 1707 nocuissent3
603 1658 643 1695 aut
653 1664 701 1695 non
710 1664 765 1711 gra-

93 1716 194 1763 uioribus
205 1716 279 1776 poenis
289 1714 354 1769 affici,
363 1714 401 1775 qui
408 1714 542 1775 religionem
552 1714 687 1768 minuerent,
695 1727 765 1777 quam

93 1781 132 1843 qui
142 1779 196 1826 lana
204 1779 333 1840 quliarent.
593 1812 596 1820 ,

127 1844 161 1893 V.
180 1843 238 1890 Post
248 1844 293 1889 hoo
301 1844 413 1905 proelium‚
429 1842 585 1893 collatum-est
599 1857 667 1889 omne
679 1842 764 1891 bellum

94 1910 155 1957 eirca
178 1906 329 1967 Corinthum
354 1908 448 1968 ideoque
468 1906 611 1955 Corinthium
630 1916 666 1954 eat
686 1908 765 1970 appel-

93 1976 175 2023 latum.
197 1972 246 2019 Hie
261 1988 313 2019 cum
328 1970 373 2019 urii
384 1969 462 2034 pugni
477 1972 555 2019 decem
570 1972 642 2019 millia
654 1973 762 2027 hostium,

92 2038 206 2101 Agesilao
220 2036 285 2091 duee,
299 2038 444 2094 cecidissem
461 2052 533 2098 eoque
546 2036 607 2083 facto
618 2053 673 2099 opes
684 2037 765 2085 adrer-
780 2075 785 2080 .

93 2104 205 2153 sariorum
221 2101 339 2149 debuintae
353 2102 497 2159 siderearum
512 2109 600 2148 tantum
610 2101 680 2149 abuit
690 2103 718 2149 ab
728 2104 766 2148 in-

93 2166 191 2221 solentii
201 2168 288 2229 gloriae,
301 2174 327 2213 ut
339 2167 509 2213 commiseratus
523 2167 552 2212 ait
566 2164 678 2214 fortunam
694 2168 763 2215 Gre-

93 2234 144 2286 εἰπε,
161 2232 223 2293 quod
236 2240 284 2279 turn
300 2232 365 2279 multi
379 2246 393 2279 a
410 2246 435 2277 se
447 2231 502 2279 vieti
517 2231 572 2278 vitio
586 2232 764 2282 adversariorum

92 2297 257 2351 concidissent:
278 2310 374 2357 namque
387 2295 425 2343 illi
438 2294 590 2349 multitudine,
605 2298 624 2343 si
635 2311 689 2343 sana
698 2309 765 2341 mena

93 2369 157 2409 esset
179 2360 284 2415 Graeoiae,
307 2360 439 2423 supplicium
460 2360 543 2407 Persas
564 2361 618 2408 (lare
637 2358 762 2423 potuisse.”

96 2425 170 2480 Idem,
183 2441 234 2473 cum
246 2426 383 2475 adversarios
393 2426 452 2475 iutra
465 2425 551 2476 moenia
563 2425 715 2487 compulisset,
730 2431 762 2477 et,

96 2499 122 2539 ut
134 2489 269 2543 Corinthum
278 2498 425 2553 oppugnaret,
436 2491 502 2538 multi
509 2491 658 2545 hortarentur,
670 2489 764 2550 negavit

91 2554 119 2601 id
135 2570 183 2603 suae
198 2556 276 2602 virtuti
292 2554 427 2603 conuenire:
449 2570 474 2601 se
489 2554 550 2601 euim
565 2568 618 2600 eum
633 2568 684 2599 esse
696 2552 762 2607 ai'xit,

94 2620 132 2685 qui
152 2620 180 2669 sd
199 2620 296 2673 officium
315 2626 434 2688 peooentes
450 2619 524 2671 restire
542 2624 642 2683 nannet,
662 2632 708 2667 non
719 2618 763 2683 qni
