1859 2917
179 120 210 163 14
344 113 380 166 IL
398 112 673 181 THEMISTOOLEQ

179 240 849 307 “Thmiatocleeveniadtequiplurimamnlumnn'mn

179 308 300 357 Graiorum
316 309 339 355 in
357 306 447 356 domum
462 319 523 355 tuam
539 307 675 361 inimicum
685 307 740 356 mihi
752 323 850 362 necesse

177 372 220 419 fuit
231 374 347 421 adversum
358 380 442 433 patrem
454 381 517 421 tuum
525 372 613 425 bellare,
624 372 762 433 patriamque
770 388 849 425 meam

178 437 302 485 defendere.
332 436 396 485 Idem
407 438 478 483 multo
488 438 552 499 plura
561 439 619 485 bona
629 436 679 491 secl,
691 444 810 498 postquam
820 438 848 493 in

179 509 228 549 tuto
239 502 293 565 ipse,
305 510 328 549 et
335 502 373 549 ille
383 503 406 548 in
416 503 515 567 periculo
525 518 574 549 erae
585 502 659 563 coepit.
675 500 745 558 Nam,
757 518 810 549 cum
820 502 847 549 in

98 568 105 589 '
179 567 259 613 Asiam
276 568 357 615 reverti
372 568 446 621 vellet,
458 567 538 629 proelio
547 567 606 629 apud
617 566 729 619 salamina
737 566 807 622 facto,
818 566 849 615 li·

180 631 232 678 teris
249 646 300 677 eum
317 632 433 677 nertiorem
447 630 498 685 leci,
516 632 539 677 id
553 631 598 693 agl,
615 639 641 678 ut
657 646 721 692 pons,
737 646 805 693 quem
822 631 849 682 in

180 693 331 757 Hellesponto
345 696 435 749 fecerat,
451 696 615 748 dissolveretur.
630 703 697 757 atque
707 697 734 741 ab
744 696 849 744 hostium

179 760 345 809 circumiretur:
365 776 409 820 quo
427 760 506 807 nuntio
523 761 560 807 ille
576 760 674 823 periculo
685 766 719 807 est
729 758 846 808 liberatus.

180 822 250 871 Nunc
269 824 360 886 confugi
379 824 407 873 ad
425 831 454 877 te,
475 825 601 887 exagitatus
620 839 633 872 a
648 820 730 871 cunata
746 822 847 877 Graeciai0

124 917 127 924 -
179 894 241 935 tuam
260 896 338 952 petent
357 889 489 944 amicitiam
509 903 575 948 quarn
592 887 611 933 si
626 902 665 933 ero
681 886 780 948 adeptus,
799 902 850 936 non

179 953 254 999 minus
272 969 308 1000 me
324 955 407 999 bonum
419 954 514 1000 amicum
526 952 620 1004 habebis,
633 966 699 1012 quam
710 951 791 1000 fortem
802 952 849 1000 ini-

180 1018 263 1063 micum
280 1018 318 1065 ille
335 1025 439 1079 expertus
449 1024 492 1063 eat.
527 1016 563 1063 Ea
573 1023 648 1065 autem
659 1031 724 1077 rogo,
736 1024 761 1061 ut
772 1016 800 1063 de
810 1017 849 1066 hin
927 1061 928 1066 ,

181 1084 252 1135 rebus,
273 1082 300 1128 de
319 1083 397 1143 quibus
415 1088 489 1127 tecum
506 1080 602 1140 colloqui
619 1080 678 1133 volo,
696 1095 780 1132 anuum
791 1081 849 1129 milri
927 1093 928 1100 ¹

181 1146 287 1229 temporis
299 1145 344 1200 dea,
363 1161 435 1209 eoque
444 1152 564 1200 ammoto,
578 1141 637 1211 [me]
648 1144 677 1193 ud
686 1153 711 1193 te
720 1146 797 1198 venire
807 1160 850 1207 pa-

180 1211 249 1259 tiaris.

214 1272 247 1321 X.
268 1272 344 1337 Hujus
355 1290 395 1321 rex
406 1275 474 1323 animi
489 1273 665 1340 magnitudinem
676 1272 794 1329 admirans,
806 1289 848 1324 eu-

179 1340 287 1403 piensque
296 1340 362 1387 talem
368 1340 440 1385 virum
449 1340 489 1385 sibi
497 1338 615 1391 conciliari,
623 1338 710 1386 veniam
718 1338 786 1388 dedit.
804 1337 850 1386 Ille

182 1417 249 1449 omne
260 1404 314 1449 illud
325 1412 412 1467 tempus
420 1403 490 1451 literia
497 1404 639 1463 sermonique
647 1402 766 1454 Persarum
773 1402 848 1463 ,ᾶεᾶἰίς

181 1468 260 1527 quibua
271 1468 326 1513 adeo
337 1468 435 1516 eruditus
446 1476 487 1520 eet,
500 1475 526 1516 ut
536 1468 607 1514 multo
616 1468 755 1518 commodius
763 1468 851 1518 dicatur

182 1532 241 1593 apud
256 1547 333 1595 regem
350 1534 417 1581 verba
432 1532 517 1587 fecisse,
538 1548 604 1593 quam
619 1533 642 1579 hi
651 1540 756 1596 poteraut
770 1534 808 1593 qui
825 1533 850 1577 in

180 1594 349 1643 Persideerant
360 1598 419 1649 nati„
449 1594 500 1644 Hic
511 1612 562 1643 oum
573 1597 644 1644 multa
654 1598 701 1659 regi
713 1604 772 1643 earet
782 1596 850 1657 poili·

177 1660 246 1713 nitus,
258 1661 526 1723 gratissimumque'illud
538 1662 556 1708 ri
568 1661 613 1712 tuis
624 1662 655 1709 uti
667 1662 764 1710 consiliis
772 1662 848 1718 vellet,

182 1725 245 1771 illum
255 1726 368 1773 Graeciam
379 1726 436 1775 bello
448 1741 610 1787 oppressurum.
623 1726 710 1789 magnis
720 1721 850 1775 muneribm

182 1790 210 1835 ab
220 1790 349 1839 Artaxerxe
360 1791 454 1839 donatus
465 1791 488 1836 in
500 1791 578 1840 Asiam
586 1791 657 1844 rediit,
669 1790 851 1851 domiciliumque

182 1852 311 1915 Magnesiae
320 1857 359 1903 sibi
366 1856 488 1911 constituit.
516 1855 621 1915 Namque
628 1856 685 1903 hauc
693 1856 770 1904 urbem
781 1854 852 1906 eirex

180 1916 286 1972 donarat,
296 1920 330 1967 hir
339 1934 393 1969 usus
404 1922 484 1973 verbio,
503 1928 519 1949 ‘⁴
528 1918 588 1973 Quae
602 1920 623 1966 ei
634 1934 713 1981 panem
724 1917 851 1981 praeberet”

185 1982 225 2045 (ex
237 1980 281 2042 qud
291 1984 382 2045 regione
389 1984 548 2051 quinquaginta
555 1985 575 2032 ei
583 1986 666 2033 talenta
672 1982 791 2045 quotannis
800 1983 852 2032 red·

183 2045 271 2106 ibant);
290 2046 448 2109 Lampsacum,
465 2056 481 2077 “
489 2050 548 2097 uude
558 2050 634 2098 vinium
646 2056 743 2096 sumeret
747 2046 780 2105 ;'''
794 2048 852 2109 My·

185 2118 245 2163 unta
258 2119 273 2141 ‘⁴
282 2127 310 2159 ex
318 2111 362 2173 quai
370 2114 487 2175 opsonium
494 2112 608 2163 haberet“
623 2113 706 2179 HuJus,
714 2113 852 2168 adnostram

185 2178 322 2231 memoriam,
343 2179 481 2231 monimenta
499 2186 628 2229 manserunt
649 2178 701 2236 duo,
720 2177 851 2247 §epulorum

109 2244 112 2250 “
184 2255 254 2301 prope
271 2243 382 2303 oppidum,
401 2243 480 2303 inquo
489 2250 526 2290 eat
536 2244 649 2305 sepultum
666 2250 746 2296 smil&
761 2242 785 2292 iu
800 2240 852 2299 fori>

185 2304 320 2367 Magnesiae.
355 2306 395 2353 De
406 2309 469 2373 nujus
480 2315 552 2356 morte
565 2309 641 2357 multis
652 2308 724 2358 modis
734 2306 794 2367 apud
803 2306 854 2377 ple-

185 2385 265 2431 rosque
284 2372 390 2433 scriptum
410 2381 459 2422 eet:
478 2372 517 2422 aed
536 2388 578 2424 noa
593 2372 696 2422 eumdem
711 2372 852 2433 potissimum

161 2439 162 2447 ¹
183 2432 331 2497 'Thucydiden
348 2444 460 2486 auctorem
475 2438 600 2503 probamus.
613 2437 651 2502 qui
660 2436 723 2486 illum
735 2436 770 2485 ,u't
780 2434 853 2495 Mag·

187 2500 255 2545 nesiae
271 2502 349 2547 morbo
366 2491 495 2553 mortuur‘n:
513 2517 586 2562 neque
595 2507 665 2566 negat
677 2500 748 2554 fultae
760 2498 851 2556 famata,

185 2576 297 2612 venenum
307 2564 349 2615 auri
360 2574 439 2627 sponte
449 2566 562 2619 sumsisse,
580 2581 632 2616 oum
648 2580 680 2619 te,
696 2580 749 2633 (ΝΒ
761 2564 811 2633 tegi
826 2563 854 2616 de

189 2624 280 2680 Graeoii
296 2629 440 2695 opprimendi
451 2631 568 2697 ‚pollicitae
583 2636 651 2687 βᾶθί,
667 2635 774 2692 limittit
787 2642 855 2697 lm
