1859 2917
155 122 186 165 sr
224 78 287 166 'nn
304 112 384 163 amn
401 112 510 171 osma,
528 112 582 165 sss
596 114 616 163 1.
631 110 747 168 crs'ra·

155 310 215 361 Cn·
238 306 311 357 xlx.
324 298 358 350 -ζ
368 310 492 371 Bithynia,
522 312 693 373 Paphlagonia,
723 312 819 372 ollaque

196 378 303 425 Pontica
313 376 462 423 etMaeots'coe
475 377 559 423 Gentes
569 378 595 424 ia
608 376 657 424 Ord
667 374 786 423 Asiatici.

187 504 285 552 Interius
292 505 386 566 Bithyni
394 513 453 558 sunt,
462 504 647 568 etMariandynit
659 507 683 552 in
691 504 739 560 ord,
746 506 821 553 Graia

154 572 226 625 urbes,
243 570 344 631 Abydos,
363 579 386 616 et
405 568 564 631 Lampsacum,
581 578 606 617 et
622 570 713 624 Parion,
732 579 757 617 et
773 570 822 616 Pri·

153 650 214 697 apos.
236 634 541 696 Abydoamagniquondam
552 635 823 682 amoriscommercioin-
924 681 925 686 ,

153 700 225 761 signis
239 708 281 746 eat.
302 698 460 760 Lampsacum,
480 698 585 747 Phocaeis
599 700 770 762 appellantrlsus,
783 714 823 745 no-

154 778 207 811 men
226 779 255 817 ex
272 780 300 810 eo
317 763 392 817 traxit,
409 764 469 825 quod
485 766 653 811 consulentibus
671 766 695 810 in
713 779 823 824 quasnam

153 836 224 875 terras
235 829 375 891 potissimum
386 830 510 881 tenderent,
519 844 650 891 responsm
660 837 717 883 erat,
730 830 770 875 ubi
780 829 825 890 pri-
925 829 926 860 i

154 908 217 939 mum
228 892 333 947 iulslsset,
349 894 378 939 ibi
392 893 468 940 sedem
483 909 605 956 capessere.
628 894 690 941 Tum
704 909 785 939 rursus
800 892 826 939 tit

154 958 252 1019 apertius
262 973 330 1010 mare,
342 956 470 1019 Propontis.
490 957 519 1004 In
533 959 557 1007 id
568 960 681 1007 Granicus
692 958 822 1011 effunditur,

155 1022 199 1083 quia
209 1024 305 1084 primum
318 1023 376 1069 inter
390 1022 474 1069 Persas
484 1031 508 1070 et
522 1024 677 1071 Alexandrum
688 1038 767 1085 pugna
781 1023 825 1069 luit

156 1088 242 1133 nobilis.
262 1086 336 1135 Trans
348 1102 436 1134 amnem
446 1089 508 1135 sedet
522 1089 545 1134 in
557 1090 645 1136 cervice
659 1103 726 1151 paene
740 1087 823 1133 instrlas

156 1150 285 1213 Cyzicum
303 1154 397 1216 (nomen
409 1152 511 1213 Cyzicus
525 1154 612 1208 indidit,
625 1169 692 1215 quem
707 1168 721 1199 a
732 1151 823 1212 Minyis

154 1217 346 1279 imprudentibus,¹
361 1233 411 1263 cum
435 1216 534 1266 Colchos
551 1226 662 1281 peterent,
682 1218 757 1264 iusum
777 1217 825 1263 acie

155 1296 284 1343 caesumque
294 1281 445 1343 accepimus);
463 1291 515 1345 post
523 1282 606 1337 Placia,
618 1291 642 1330 et
653 1284 755 1344 Scylace,
771 1296 825 1345 par·

154 1362 191 1393 vae
199 1345 346 1408 Pelasgorum
354 1348 455 1400 colonias,
463 1348 637 1411 quibusatergo
644 1348 748 1397 imminet
755 1360 824 1392 mons

154 1410 266 1471 Olympus
274 1411 396 1473 (utincolae
405 1412 497 1473 vocant)
505 1412 602 1475 Mysios.
615 1412 731 1459 lsflumen
739 1412 824 1472 Rhyn-

155 1476 277 1527 dacumin
295 1490 322 1522 ea
336 1491 387 1536 quae
402 1485 526 1538 sequuntur
540 1479 619 1524 omitit.
651 1476 719 1525 Circa
733 1490 828 1538 angues

154 1547 277 1586 nascuntur
287 1540 408 1599 immanes3
425 1556 499 1602 noque
509 1542 538 1587 ob
549 1542 727 1605 magnitudinem
742 1540 821 1593 modo,

154 1605 194 1652 sed
205 1606 233 1651 ob
248 1605 271 1651 id
285 1606 352 1651 etiam
367 1605 485 1659 mirabiles,
500 1608 561 1667 quod
576 1609 613 1654 ubi
627 1608 651 1653 in
667 1608 757 1653 alveum
772 1606 823 1667 ejus

154 1678 224 1717 aestus
236 1671 351 1730 solemque
360 1670 475 1733 fugerunt,
485 1680 604 1733 emergunt
615 1680 681 1733 atque
690 1673 768 1717 biam:
783 1686 824 1721 su-

155 1736 340 1797 pervolantesque
348 1751 408 1789 aves,
420 1737 523 1796 quamvis
528 1738 573 1783 alte
583 1744 607 1783 et
616 1737 736 1799 perniciter
746 1735 824 1781 foran-

153 1806 198 1853 tur,
211 1801 336 1847 absorbent.
355 1799 429 1847 Trans
440 1800 598 1879 Rhyndacum,
607 1810 643 1848 est
650 1800 777 1861 Dascylos,
790 1806 821 1852 et,
831 1848 834 1853 ,

153 1879 220 1925 quam
230 1862 365 1926 Colophonii
373 1866 518 1919 collocavere,
527 1866 625 1926 Myrlea.
644 1864 702 1912 Duo
708 1872 761 1911 sunt
769 1864 824 1910 inde

153 1926 235 1975 modici
251 1930 320 1975 sinus.
337 1929 410 1984 Alter,
424 1931 473 1977 sine
484 1932 582 1985 nominc,
596 1929 655 1979 Cion
671 1929 833 1991 amplectitur,

153 1991 263 2055 Phrygia
273 1994 332 2041 haud
342 1994 411 2057 longe
417 1995 514 2057 Jacentis
522 1995 734 2058 opportunissimum
742 2008 823 2054 empo-

153 2058 228 2115 rimn3
245 2058 308 2112 alter,
321 2058 437 2114 Olbianos,
451 2061 476 2106 in
489 2062 643 2123 promontorio
658 2059 703 2106 fert
717 2058 822 2119 Neptuni

152 2121 245 2179 lanum3
263 2125 286 2169 in
301 2125 389 2185 gremio
400 2126 510 2179 Astacon,
526 2141 540 2172 a
555 2125 729 2187 Megarensibus
743 2123 823 2169 condi-

153 2182 207 2233 tam.
223 2186 315 2235 Deinde
325 2188 410 2251 priores
421 2198 488 2237 terrae
497 2191 579 2237 iterum
588 2193 666 2254 jacent
672 2207 681 2247 3
695 2188 822 2247 exiturique

82 2274 84 2281 ¹
154 2251 178 2297 in
191 2252 290 2300 Pontum
301 2254 374 2317 pelagi
383 2255 466 2301 canalis
476 2257 594 2317 angustior
602 2256 717 2315 Europam
728 2254 757 2299 ab
765 2249 823 2298 Asis

153 2314 230 2363 stodiis
240 2319 338 2378 quinque
349 2318 495 2374 disterminat,
506 2320 618 2367 Thracius
630 2321 667 2383 (ut
678 2319 763 2365 dictum
773 2314 820 2376 est)

152 2380 278 2443 Bosporus.
295 2381 356 2444 ,Ipsis
364 2383 387 2427 in
395 2382 496 2430 lancibus
504 2386 617 2446 oppidum,
626 2386 650 2431 in
661 2399 700 2430 ore
710 2380 822 2443 templum
832 2434 835 2437 ⁴

151 2453 200 2492 est:
220 2448 294 2509 oppidi
305 2461 388 2495 nomen
401 2442 545 2507 Chalcedon3
562 2457 641 2497 auctor
652 2448 755 2500 Archias,
768 2446 824 2493 Mo·

152 2512 281 2617 parensium
291 2512 410 2573 princeps3
426 2514 504 2575 templi
514 2530 599 2560 numen
609 2514 707 2576 Jupiter,
719 2512 824 2558 conditor

168 2588 230 2620 ason.
250 2573 299 2621 Hic
304 2577 353 2637 jum
365 2592 414 2623 sese
426 2576 508 2638 ingens
521 2577 610 2626 Pontus
622 2579 707 2641 aperit3
726 2577 768 2623 nisi
779 2573 825 2635 qud

152 2641 305 2697 promontoria
315 2648 375 2695 sunt,
387 2642 432 2689 huc
442 2649 510 2703 atque
518 2643 572 2691 illuc
586 2645 658 2706 longo
671 2650 779 2702 rectoque
794 2641 824 2687 li-
