<?xml version="1.0" encoding="UTF-8"?>
<!DOCTYPE html PUBLIC "-//W3C//DTD XHTML 1.0 Transitional//EN"
    "http://www.w3.org/TR/xhtml1/DTD/xhtml1-transitional.dtd">
<html xmlns="http://www.w3.org/1999/xhtml" xml:lang="en" lang="en">
 <head>
  <title>
</title>
<meta http-equiv="Content-Type" content="text/html;charset=utf-8" />
  <meta name='ocr-system' content='tesseract 3.04.00' />
  <meta name='ocr-capabilities' content='ocr_page ocr_carea ocr_par ocr_line ocrx_word'/>
</head>
<body>
  <div class='ocr_page' id='page_1' title='image "./corneliineoptis00melagoog_0139.png"; bbox 0 0 1859 2917; ppageno 0'>
   <div class='ocr_carea' id='block_1_1' title="bbox 216 61 839 141">
    <p class='ocr_par' dir='ltr' id='par_1_1' title="bbox 216 61 839 141">
     <span class='ocr_line' id='line_1_1' title="bbox 216 61 839 141; baseline 0.002 -7"><span class='ocrx_word' id='word_1_1' title='bbox 216 84 267 135; x_wconf 86' lang='lat' dir='ltr'>nn</span> <span class='ocrx_word' id='word_1_2' title='bbox 283 74 363 135; x_wconf 82' lang='lat' dir='ltr'>sn&#39;u</span> <span class='ocrx_word' id='word_1_3' title='bbox 380 84 490 141; x_wconf 85' lang='lat' dir='ltr'>ons1s.</span> <span class='ocrx_word' id='word_1_4' title='bbox 507 82 597 133; x_wconf 72' lang='lat' dir='ltr'>aar.</span> <span class='ocrx_word' id='word_1_5' title='bbox 616 61 712 135; x_wconf 58' lang='lat' dir='ltr'>cris.</span> <span class='ocrx_word' id='word_1_6' title='bbox 760 87 793 132; x_wconf 72' lang='grc' dir='ltr'>ιε.</span> <span class='ocrx_word' id='word_1_7' title='bbox 833 124 839 135; x_wconf 83' lang='grc'><em>,</em></span> 
     </span>
    </p>
   </div>
   <div class='ocr_carea' id='block_1_2' title="bbox 112 200 789 280">
    <p class='ocr_par' dir='ltr' id='par_1_2' title="bbox 112 200 789 280">
     <span class='ocr_line' id='line_1_2' title="bbox 112 200 789 280; baseline 0 -17"><span class='ocrx_word' id='word_1_8' title='bbox 112 214 141 263; x_wconf 82' lang='lat' dir='ltr'>&#39;et</span> <span class='ocrx_word' id='word_1_9' title='bbox 154 200 217 263; x_wconf 84' lang='lat' dir='ltr'>obid</span> <span class='ocrx_word' id='word_1_10' title='bbox 227 205 313 263; x_wconf 82' lang='lat' dir='ltr'>fontem</span> <span class='ocrx_word' id='word_1_11' title='bbox 327 219 376 280; x_wconf 74' lang='lat' dir='ltr'>eJua</span> <span class='ocrx_word' id='word_1_12' title='bbox 391 207 502 272; x_wconf 83' lang='lat' dir='ltr'>minuens,</span> <span class='ocrx_word' id='word_1_13' title='bbox 518 224 573 264; x_wconf 85' lang='lat' dir='ltr'>tunc</span> <span class='ocrx_word' id='word_1_14' title='bbox 583 216 650 263; x_wconf 85' lang='lat' dir='ltr'>altius</span> <span class='ocrx_word' id='word_1_15' title='bbox 660 216 712 270; x_wconf 88' lang='lat' dir='ltr'>abit,</span> <span class='ocrx_word' id='word_1_16' title='bbox 724 209 789 263; x_wconf 83' lang='lat' dir='ltr'>sinit·</span> 
     </span>
    </p>
   </div>
   <div class='ocr_carea' id='block_1_3' title="bbox 112 282 837 1899">
    <p class='ocr_par' dir='ltr' id='par_1_3' title="bbox 112 282 837 1899">
     <span class='ocr_line' id='line_1_3' title="bbox 114 282 788 344; baseline 0.003 -18"><span class='ocrx_word' id='word_1_17' title='bbox 114 296 164 341; x_wconf 88' lang='lat' dir='ltr'>que</span> <span class='ocrx_word' id='word_1_18' title='bbox 182 282 302 343; x_wconf 83' lang='lat' dir='ltr'>integrum,</span> <span class='ocrx_word' id='word_1_19' title='bbox 315 290 338 329; x_wconf 92' lang='lat' dir='ltr'>et</span> <span class='ocrx_word' id='word_1_20' title='bbox 354 292 379 329; x_wconf 95' lang='lat' dir='ltr'>ut</span> <span class='ocrx_word' id='word_1_21' title='bbox 395 291 430 329; x_wconf 81' lang='lat' dir='ltr'>est</span> <span class='ocrx_word' id='word_1_22' title='bbox 444 283 723 344; x_wconf 51' lang='lat' dir='ltr'>plenissimus-surgun</span> <span class='ocrx_word' id='word_1_23' title='bbox 741 284 788 329; x_wconf 88' lang='lat' dir='ltr'>sive</span> 
     </span>
     <span class='ocr_line' id='line_1_4' title="bbox 114 346 788 409; baseline 0.003 -18"><span class='ocrx_word' id='word_1_24' title='bbox 114 346 182 405; x_wconf 88' lang='lat' dir='ltr'>quod</span> <span class='ocrx_word' id='word_1_25' title='bbox 192 362 232 407; x_wconf 85' lang='lat' dir='ltr'>per</span> <span class='ocrx_word' id='word_1_26' title='bbox 242 362 268 392; x_wconf 88' lang='lat' dir='ltr'>ea</span> <span class='ocrx_word' id='word_1_27' title='bbox 279 354 380 409; x_wconf 89' lang='lat' dir='ltr'>tempora</span> <span class='ocrx_word' id='word_1_28' title='bbox 389 346 470 393; x_wconf 88' lang='lat' dir='ltr'>flantes</span> <span class='ocrx_word' id='word_1_29' title='bbox 481 347 574 400; x_wconf 79' lang='lat' dir='ltr'>Etesiae,</span> <span class='ocrx_word' id='word_1_30' title='bbox 586 354 625 393; x_wconf 91' lang='lat' dir='ltr'>aut</span> <span class='ocrx_word' id='word_1_31' title='bbox 636 355 697 393; x_wconf 83' lang='lat' dir='ltr'>actas</span> <span class='ocrx_word' id='word_1_32' title='bbox 708 362 721 393; x_wconf 89' lang='lat' dir='ltr'>a</span> <span class='ocrx_word' id='word_1_33' title='bbox 731 347 788 408; x_wconf 87' lang='lat' dir='ltr'>Sep-</span> 
     </span>
     <span class='ocr_line' id='line_1_5' title="bbox 115 412 789 473; baseline 0.003 -18"><span class='ocrx_word' id='word_1_34' title='bbox 115 412 242 457; x_wconf 86' lang='lat' dir='ltr'>temtrione</span> <span class='ocrx_word' id='word_1_35' title='bbox 252 412 275 456; x_wconf 91' lang='lat' dir='ltr'>in</span> <span class='ocrx_word' id='word_1_36' title='bbox 283 412 404 459; x_wconf 87' lang='lat' dir='ltr'>Meridiem</span> <span class='ocrx_word' id='word_1_37' title='bbox 414 413 485 459; x_wconf 88' lang='lat' dir='ltr'>nubes</span> <span class='ocrx_word' id='word_1_38' title='bbox 496 428 562 473; x_wconf 87' lang='lat' dir='ltr'>super</span> <span class='ocrx_word' id='word_1_39' title='bbox 572 412 681 473; x_wconf 77' lang='lat' dir='ltr'>principia</span> <span class='ocrx_word' id='word_1_40' title='bbox 691 413 789 473; x_wconf 86' lang='lat' dir='ltr'>ejusim·</span> 
     </span>
     <span class='ocr_line' id='line_1_6' title="bbox 113 474 796 537; baseline 0.003 -18"><span class='ocrx_word' id='word_1_41' title='bbox 113 474 159 520; x_wconf 85' lang='lat' dir='ltr'>bre</span> <span class='ocrx_word' id='word_1_42' title='bbox 175 477 328 537; x_wconf 87' lang='lat' dir='ltr'>praecipitant;</span> <span class='ocrx_word' id='word_1_43' title='bbox 345 484 391 531; x_wconf 90' lang='lat' dir='ltr'>aut,</span> <span class='ocrx_word' id='word_1_44' title='bbox 408 478 507 523; x_wconf 86' lang='lat' dir='ltr'>venienti</span> <span class='ocrx_word' id='word_1_45' title='bbox 526 477 592 531; x_wconf 83' lang='lat' dir='ltr'>obvii,</span> <span class='ocrx_word' id='word_1_46' title='bbox 605 477 699 523; x_wconf 85' lang='lat' dir='ltr'>adverso</span> <span class='ocrx_word' id='word_1_47' title='bbox 710 477 796 537; x_wconf 79' lang='lat' dir='ltr'>spiritu¹</span> 
     </span>
     <span class='ocr_line' id='line_1_7' title="bbox 116 541 787 603; baseline 0.003 -19"><span class='ocrx_word' id='word_1_48' title='bbox 116 554 210 585; x_wconf 90' lang='lat' dir='ltr'>cursum</span> <span class='ocrx_word' id='word_1_49' title='bbox 220 541 373 587; x_wconf 86' lang='lat' dir='ltr'>descendentis</span> <span class='ocrx_word' id='word_1_50' title='bbox 381 542 505 603; x_wconf 88' lang='lat' dir='ltr'>impediunt</span> <span class='ocrx_word' id='word_1_51' title='bbox 511 559 519 599; x_wconf 91' lang='lat'>;</span> <span class='ocrx_word' id='word_1_52' title='bbox 531 548 570 587; x_wconf 85' lang='lat' dir='ltr'>aut</span> <span class='ocrx_word' id='word_1_53' title='bbox 577 542 656 595; x_wconf 80' lang='lat' dir='ltr'>arenis,</span> <span class='ocrx_word' id='word_1_54' title='bbox 669 556 724 602; x_wconf 88' lang='lat' dir='ltr'>quas</span> <span class='ocrx_word' id='word_1_55' title='bbox 735 556 787 587; x_wconf 86' lang='lat' dir='ltr'>cum</span> 
     </span>
     <span class='ocr_line' id='line_1_8' title="bbox 116 602 788 667; baseline 0.003 -18"><span class='ocrx_word' id='word_1_56' title='bbox 116 602 225 650; x_wconf 84' lang='lat' dir='ltr'>fluctibus</span> <span class='ocrx_word' id='word_1_57' title='bbox 236 606 295 651; x_wconf 89' lang='lat' dir='ltr'>litori</span> <span class='ocrx_word' id='word_1_58' title='bbox 306 607 423 667; x_wconf 86' lang='lat' dir='ltr'>applicant,</span> <span class='ocrx_word' id='word_1_59' title='bbox 438 607 495 653; x_wconf 86' lang='lat' dir='ltr'>ostia</span> <span class='ocrx_word' id='word_1_60' title='bbox 509 606 636 653; x_wconf 87' lang='lat' dir='ltr'>obducunt:</span> <span class='ocrx_word' id='word_1_61' title='bbox 654 606 725 666; x_wconf 84' lang='lat' dir='ltr'>litque</span> <span class='ocrx_word' id='word_1_62' title='bbox 739 620 788 652; x_wconf 84' lang='lat' dir='ltr'>ma-</span> 
     </span>
     <span class='ocr_line' id='line_1_9' title="bbox 112 669 788 731; baseline 0.004 -18"><span class='ocrx_word' id='word_1_63' title='bbox 112 669 162 730; x_wconf 81' lang='lat' dir='ltr'>jor,</span> <span class='ocrx_word' id='word_1_64' title='bbox 180 670 217 715; x_wconf 87' lang='lat' dir='ltr'>vel</span> <span class='ocrx_word' id='word_1_65' title='bbox 231 671 291 730; x_wconf 91' lang='lat' dir='ltr'>quod</span> <span class='ocrx_word' id='word_1_66' title='bbox 306 671 361 716; x_wconf 89' lang='lat' dir='ltr'>nihil</span> <span class='ocrx_word' id='word_1_67' title='bbox 375 686 404 717; x_wconf 86' lang='lat' dir='ltr'>ex</span> <span class='ocrx_word' id='word_1_68' title='bbox 421 678 492 718; x_wconf 85' lang='lat' dir='ltr'>semet</span> <span class='ocrx_word' id='word_1_69' title='bbox 506 671 602 728; x_wconf 80' lang='lat' dir='ltr'>amittit3</span> <span class='ocrx_word' id='word_1_70' title='bbox 619 670 657 717; x_wconf 86' lang='lat' dir='ltr'>vel</span> <span class='ocrx_word' id='word_1_71' title='bbox 666 670 726 729; x_wconf 90' lang='lat' dir='ltr'>quod</span> <span class='ocrx_word' id='word_1_72' title='bbox 736 670 788 731; x_wconf 93' lang='lat' dir='ltr'>plus</span> 
     </span>
     <span class='ocr_line' id='line_1_10' title="bbox 117 735 789 796; baseline 0.003 -17"><span class='ocrx_word' id='word_1_73' title='bbox 117 748 186 793; x_wconf 83' lang='lat' dir='ltr'>quam</span> <span class='ocrx_word' id='word_1_74' title='bbox 196 735 253 780; x_wconf 87' lang='lat' dir='ltr'>solet</span> <span class='ocrx_word' id='word_1_75' title='bbox 265 736 345 795; x_wconf 86' lang='lat' dir='ltr'>accipit</span> <span class='ocrx_word' id='word_1_76' title='bbox 351 744 362 791; x_wconf 81' lang='lat'>;&#39;</span> <span class='ocrx_word' id='word_1_77' title='bbox 370 736 406 781; x_wconf 92' lang='lat' dir='ltr'>vel</span> <span class='ocrx_word' id='word_1_78' title='bbox 417 735 561 795; x_wconf 87' lang='lat' dir='ltr'>quodminus</span> <span class='ocrx_word' id='word_1_79' title='bbox 572 750 637 796; x_wconf 85' lang='lat' dir='ltr'>quam</span> <span class='ocrx_word' id='word_1_80' title='bbox 650 735 714 780; x_wconf 86' lang='lat' dir='ltr'>debet</span> <span class='ocrx_word' id='word_1_81' title='bbox 722 736 789 781; x_wconf 81' lang='lat' dir='ltr'>emit·</span> 
     </span>
     <span class='ocr_line' id='line_1_11' title="bbox 116 796 788 861; baseline 0.004 -19"><span class='ocrx_word' id='word_1_82' title='bbox 116 798 155 843; x_wconf 86' lang='lat' dir='ltr'>tit.</span> <span class='ocrx_word' id='word_1_83' title='bbox 176 796 244 851; x_wconf 84' lang='lat' dir='ltr'>Quod</span> <span class='ocrx_word' id='word_1_84' title='bbox 256 800 272 844; x_wconf 88' lang='lat' dir='ltr'>si</span> <span class='ocrx_word' id='word_1_85' title='bbox 284 808 319 845; x_wconf 89' lang='lat' dir='ltr'>est</span> <span class='ocrx_word' id='word_1_86' title='bbox 329 800 385 845; x_wconf 87' lang='lat' dir='ltr'>alter</span> <span class='ocrx_word' id='word_1_87' title='bbox 397 799 471 854; x_wconf 90' lang='lat' dir='ltr'>Orbis,</span> <span class='ocrx_word' id='word_1_88' title='bbox 484 808 581 860; x_wconf 84' lang='lat' dir='ltr'><strong>suntque</strong></span> <span class='ocrx_word' id='word_1_89' title='bbox 591 799 688 861; x_wconf 87' lang='lat' dir='ltr'>oppositi</span> <span class='ocrx_word' id='word_1_90' title='bbox 699 799 762 845; x_wconf 90' lang='lat' dir='ltr'>nobis</span> <span class='ocrx_word' id='word_1_91' title='bbox 773 814 788 845; x_wconf 86' lang='lat' dir='ltr'>a</span> 
     </span>
     <span class='ocr_line' id='line_1_12' title="bbox 115 860 788 924; baseline 0 -15"><span class='ocrx_word' id='word_1_92' title='bbox 115 860 220 909; x_wconf 83' lang='lat' dir='ltr'>Meridie</span> <span class='ocrx_word' id='word_1_93' title='bbox 233 863 413 921; x_wconf 86' lang='lat' dir='ltr'>Antichthones;</span> <span class='ocrx_word' id='word_1_94' title='bbox 431 878 459 910; x_wconf 91' lang='lat' dir='ltr'>ne</span> <span class='ocrx_word' id='word_1_95' title='bbox 473 865 529 910; x_wconf 91' lang='lat' dir='ltr'>illud</span> <span class='ocrx_word' id='word_1_96' title='bbox 546 865 636 924; x_wconf 91' lang='lat' dir='ltr'>quidem</span> <span class='ocrx_word' id='word_1_97' title='bbox 651 880 665 910; x_wconf 84' lang='lat' dir='ltr'>a</span> <span class='ocrx_word' id='word_1_98' title='bbox 681 880 736 910; x_wconf 84' lang='lat' dir='ltr'>vero</span> <span class='ocrx_word' id='word_1_99' title='bbox 752 865 788 909; x_wconf 92' lang='lat' dir='ltr'>ni·</span> 
     </span>
     <span class='ocr_line' id='line_1_13' title="bbox 115 927 788 983; baseline 0.006 -12"><span class='ocrx_word' id='word_1_100' title='bbox 115 927 190 972; x_wconf 88' lang='lat' dir='ltr'>mium</span> <span class='ocrx_word' id='word_1_101' title='bbox 209 928 345 981; x_wconf 84' lang='lat' dir='ltr'>abscesserit,</span> <span class='ocrx_word' id='word_1_102' title='bbox 363 929 387 973; x_wconf 92' lang='lat' dir='ltr'>in</span> <span class='ocrx_word' id='word_1_103' title='bbox 404 929 447 973; x_wconf 88' lang='lat' dir='ltr'>illis</span> <span class='ocrx_word' id='word_1_104' title='bbox 462 929 528 974; x_wconf 89' lang='lat' dir='ltr'>terris</span> <span class='ocrx_word' id='word_1_105' title='bbox 544 937 618 975; x_wconf 87' lang='lat' dir='ltr'>ortum</span> <span class='ocrx_word' id='word_1_106' title='bbox 635 943 731 983; x_wconf 78' lang='lat' dir='ltr'>amnem,</span> <span class='ocrx_word' id='word_1_107' title='bbox 750 928 788 975; x_wconf 88' lang='lat' dir='ltr'>ubi</span> 
     </span>
     <span class='ocr_line' id='line_1_14' title="bbox 116 992 787 1054; baseline 0.004 -19"><span class='ocrx_word' id='word_1_108' title='bbox 116 992 197 1037; x_wconf 84' lang='lat' dir='ltr'>subter</span> <span class='ocrx_word' id='word_1_109' title='bbox 207 993 276 1039; x_wconf 88' lang='lat' dir='ltr'>maria</span> <span class='ocrx_word' id='word_1_110' title='bbox 286 1008 347 1040; x_wconf 85' lang='lat' dir='ltr'>caeco</span> <span class='ocrx_word' id='word_1_111' title='bbox 355 994 420 1039; x_wconf 87' lang='lat' dir='ltr'>alveo</span> <span class='ocrx_word' id='word_1_112' title='bbox 431 994 587 1054; x_wconf 83' lang='lat' dir='ltr'>penetraverit,</span> <span class='ocrx_word' id='word_1_113' title='bbox 599 995 623 1038; x_wconf 89' lang='lat' dir='ltr'>in</span> <span class='ocrx_word' id='word_1_114' title='bbox 635 992 727 1039; x_wconf 76' lang='lat' dir='ltr'>Nostris</span> <span class='ocrx_word' id='word_1_115' title='bbox 738 1009 787 1039; x_wconf 88' lang='lat' dir='ltr'>rur-</span> 
     </span>
     <span class='ocr_line' id='line_1_15' title="bbox 117 1058 787 1118; baseline 0.004 -17"><span class='ocrx_word' id='word_1_116' title='bbox 117 1070 159 1101; x_wconf 90' lang='lat' dir='ltr'>sus</span> <span class='ocrx_word' id='word_1_117' title='bbox 170 1072 291 1118; x_wconf 85' lang='lat' dir='ltr'>emergere,</span> <span class='ocrx_word' id='word_1_118' title='bbox 303 1064 326 1103; x_wconf 87' lang='lat' dir='ltr'>et</span> <span class='ocrx_word' id='word_1_119' title='bbox 337 1058 379 1104; x_wconf 89' lang='lat' dir='ltr'>hac</span> <span class='ocrx_word' id='word_1_120' title='bbox 387 1073 411 1104; x_wconf 89' lang='lat' dir='ltr'>re</span> <span class='ocrx_word' id='word_1_121' title='bbox 420 1058 516 1103; x_wconf 91' lang='lat' dir='ltr'>solstitio</span> <span class='ocrx_word' id='word_1_122' title='bbox 524 1072 657 1111; x_wconf 72' lang='lat' dir='ltr'>accrescere,</span> <span class='ocrx_word' id='word_1_123' title='bbox 670 1058 730 1118; x_wconf 91' lang='lat' dir='ltr'>quod</span> <span class='ocrx_word' id='word_1_124' title='bbox 737 1065 787 1104; x_wconf 89' lang='lat' dir='ltr'>tum</span> 
     </span>
     <span class='ocr_line' id='line_1_16' title="bbox 115 1120 787 1182; baseline 0.004 -17"><span class='ocrx_word' id='word_1_125' title='bbox 115 1120 191 1166; x_wconf 88' lang='lat' dir='ltr'>biems</span> <span class='ocrx_word' id='word_1_126' title='bbox 202 1122 231 1167; x_wconf 91' lang='lat' dir='ltr'>sit</span> <span class='ocrx_word' id='word_1_127' title='bbox 242 1124 300 1168; x_wconf 92' lang='lat' dir='ltr'>unde</span> <span class='ocrx_word' id='word_1_128' title='bbox 311 1122 388 1167; x_wconf 90' lang='lat' dir='ltr'>oritur.</span> <span class='ocrx_word' id='word_1_129' title='bbox 411 1121 464 1168; x_wconf 85' lang='lat' dir='ltr'>Alia</span> <span class='ocrx_word' id='word_1_130' title='bbox 474 1138 564 1182; x_wconf 88' lang='lat' dir='ltr'>quoque</span> <span class='ocrx_word' id='word_1_131' title='bbox 574 1123 597 1167; x_wconf 90' lang='lat' dir='ltr'>in</span> <span class='ocrx_word' id='word_1_132' title='bbox 608 1123 642 1168; x_wconf 86' lang='lat' dir='ltr'>his</span> <span class='ocrx_word' id='word_1_133' title='bbox 654 1123 719 1168; x_wconf 90' lang='lat' dir='ltr'>terris</span> <span class='ocrx_word' id='word_1_134' title='bbox 729 1123 787 1170; x_wconf 85' lang='lat' dir='ltr'>mira</span> 
     </span>
     <span class='ocr_line' id='line_1_17' title="bbox 116 1184 787 1246; baseline 0.003 -15"><span class='ocrx_word' id='word_1_135' title='bbox 116 1193 179 1231; x_wconf 85' lang='lat' dir='ltr'>sunt.</span> <span class='ocrx_word' id='word_1_136' title='bbox 200 1184 228 1231; x_wconf 94' lang='lat' dir='ltr'>In</span> <span class='ocrx_word' id='word_1_137' title='bbox 239 1187 334 1246; x_wconf 89' lang='lat' dir='ltr'>quodam</span> <span class='ocrx_word' id='word_1_138' title='bbox 346 1187 402 1239; x_wconf 91' lang='lat' dir='ltr'>lacu,</span> <span class='ocrx_word' id='word_1_139' title='bbox 417 1185 534 1235; x_wconf 81' lang='lat' dir='ltr'>Chemmis</span> <span class='ocrx_word' id='word_1_140' title='bbox 545 1188 623 1240; x_wconf 85' lang='lat' dir='ltr'>insula,</span> <span class='ocrx_word' id='word_1_141' title='bbox 636 1187 699 1232; x_wconf 89' lang='lat' dir='ltr'>lucos</span> <span class='ocrx_word' id='word_1_142' title='bbox 708 1187 787 1233; x_wconf 85' lang='lat' dir='ltr'>silvas-</span> 
     </span>
     <span class='ocr_line' id='line_1_18' title="bbox 115 1250 837 1313; baseline -0.003 -18"><span class='ocrx_word' id='word_1_143' title='bbox 115 1264 162 1310; x_wconf 89' lang='lat' dir='ltr'>que</span> <span class='ocrx_word' id='word_1_144' title='bbox 173 1255 196 1295; x_wconf 88' lang='lat' dir='ltr'>et</span> <span class='ocrx_word' id='word_1_145' title='bbox 204 1250 315 1311; x_wconf 88' lang='lat' dir='ltr'>Apollinis</span> <span class='ocrx_word' id='word_1_146' title='bbox 326 1252 411 1313; x_wconf 81' lang='lat' dir='ltr'>grande</span> <span class='ocrx_word' id='word_1_147' title='bbox 422 1252 535 1297; x_wconf 87' lang='lat' dir='ltr'>sustinens</span> <span class='ocrx_word' id='word_1_148' title='bbox 545 1251 660 1312; x_wconf 90' lang='lat' dir='ltr'>templum,</span> <span class='ocrx_word' id='word_1_149' title='bbox 673 1258 742 1303; x_wconf 87' lang='lat' dir='ltr'>natat,</span> <span class='ocrx_word' id='word_1_150' title='bbox 755 1258 785 1304; x_wconf 85' lang='lat' dir='ltr'>et,</span> <span class='ocrx_word' id='word_1_151' title='bbox 834 1286 837 1293; x_wconf 93' lang='lat'>.</span> 
     </span>
     <span class='ocr_line' id='line_1_19' title="bbox 116 1316 787 1378; baseline 0.004 -19"><span class='ocrx_word' id='word_1_152' title='bbox 116 1329 261 1375; x_wconf 89' lang='lat' dir='ltr'>quocumque</span> <span class='ocrx_word' id='word_1_153' title='bbox 274 1317 335 1363; x_wconf 84' lang='lat' dir='ltr'>renti</span> <span class='ocrx_word' id='word_1_154' title='bbox 352 1323 430 1378; x_wconf 86' lang='lat' dir='ltr'>agunt,</span> <span class='ocrx_word' id='word_1_155' title='bbox 447 1317 543 1377; x_wconf 90' lang='lat' dir='ltr'>pellitur.</span> <span class='ocrx_word' id='word_1_156' title='bbox 573 1316 705 1377; x_wconf 76' lang='lat' dir='ltr'>Pyramides</span> <span class='ocrx_word' id='word_1_157' title='bbox 720 1316 787 1376; x_wconf 79' lang='lat' dir='ltr'>trice-</span> 
     </span>
     <span class='ocr_line' id='line_1_20' title="bbox 115 1378 785 1443; baseline 0.004 -19"><span class='ocrx_word' id='word_1_158' title='bbox 115 1378 174 1424; x_wconf 85' lang='lat' dir='ltr'>ndm</span> <span class='ocrx_word' id='word_1_159' title='bbox 193 1380 274 1441; x_wconf 91' lang='lat' dir='ltr'>pedum</span> <span class='ocrx_word' id='word_1_160' title='bbox 293 1380 400 1443; x_wconf 76' lang='lat' dir='ltr'>lapidibus</span> <span class='ocrx_word' id='word_1_161' title='bbox 419 1388 555 1438; x_wconf 80' lang='lat' dir='ltr'>exstructae3</span> <span class='ocrx_word' id='word_1_162' title='bbox 573 1386 667 1441; x_wconf 80' lang='lat' dir='ltr'>qua&#39;rmn</span> <span class='ocrx_word' id='word_1_163' title='bbox 687 1381 785 1427; x_wconf 87' lang='lat' dir='ltr'>maxima</span> 
     </span>
     <span class='ocr_line' id='line_1_21' title="bbox 117 1442 787 1509; baseline 0.004 -21"><span class='ocrx_word' id='word_1_164' title='bbox 117 1442 177 1507; x_wconf 88' lang='lat' dir='ltr'>(tres</span> <span class='ocrx_word' id='word_1_165' title='bbox 191 1460 287 1505; x_wconf 88' lang='lat' dir='ltr'>namque</span> <span class='ocrx_word' id='word_1_166' title='bbox 298 1444 361 1505; x_wconf 86' lang='lat' dir='ltr'>sunt)</span> <span class='ocrx_word' id='word_1_167' title='bbox 374 1453 471 1507; x_wconf 86' lang='lat' dir='ltr'>quatuor</span> <span class='ocrx_word' id='word_1_168' title='bbox 480 1446 527 1493; x_wconf 82' lang='lat' dir='ltr'>fere</span> <span class='ocrx_word' id='word_1_169' title='bbox 538 1445 579 1491; x_wconf 89' lang='lat' dir='ltr'>soli</span> <span class='ocrx_word' id='word_1_170' title='bbox 589 1447 672 1509; x_wconf 83' lang='lat' dir='ltr'>jugera</span> <span class='ocrx_word' id='word_1_171' title='bbox 683 1443 724 1491; x_wconf 74' lang='lat' dir='ltr'>sud</span> <span class='ocrx_word' id='word_1_172' title='bbox 734 1446 787 1492; x_wconf 87' lang='lat' dir='ltr'>sede</span> 
     </span>
     <span class='ocr_line' id='line_1_22' title="bbox 117 1510 788 1572; baseline 0.006 -20"><span class='ocrx_word' id='word_1_173' title='bbox 117 1516 221 1571; x_wconf 87' lang='lat' dir='ltr'>occupat,</span> <span class='ocrx_word' id='word_1_174' title='bbox 233 1510 326 1557; x_wconf 90' lang='lat' dir='ltr'>totidem</span> <span class='ocrx_word' id='word_1_175' title='bbox 337 1512 360 1556; x_wconf 92' lang='lat' dir='ltr'>in</span> <span class='ocrx_word' id='word_1_176' title='bbox 372 1511 511 1557; x_wconf 81' lang='lat' dir='ltr'>altitudinem</span> <span class='ocrx_word' id='word_1_177' title='bbox 519 1510 620 1572; x_wconf 87' lang='lat' dir='ltr'>erigitur.</span> <span class='ocrx_word' id='word_1_178' title='bbox 643 1510 734 1563; x_wconf 84' lang='lat' dir='ltr'>Moeris,</span> <span class='ocrx_word' id='word_1_179' title='bbox 746 1510 788 1556; x_wconf 89' lang='lat' dir='ltr'>ali·</span> 
     </span>
     <span class='ocr_line' id='line_1_23' title="bbox 117 1572 786 1642; baseline 0.004 -24"><span class='ocrx_word' id='word_1_180' title='bbox 117 1572 207 1633; x_wconf 85' lang='lat' dir='ltr'>quando</span> <span class='ocrx_word' id='word_1_181' title='bbox 225 1590 323 1642; x_wconf 89' lang='lat' dir='ltr'>campus,</span> <span class='ocrx_word' id='word_1_182' title='bbox 339 1590 400 1621; x_wconf 86' lang='lat' dir='ltr'>nunc</span> <span class='ocrx_word' id='word_1_183' title='bbox 414 1576 484 1630; x_wconf 80' lang='lat' dir='ltr'>lacus,</span> <span class='ocrx_word' id='word_1_184' title='bbox 500 1576 582 1637; x_wconf 87' lang='lat' dir='ltr'>viginti</span> <span class='ocrx_word' id='word_1_185' title='bbox 597 1576 667 1622; x_wconf 90' lang='lat' dir='ltr'>millia</span> <span class='ocrx_word' id='word_1_186' title='bbox 680 1590 786 1636; x_wconf 85' lang='lat' dir='ltr'>passuum</span> 
     </span>
     <span class='ocr_line' id='line_1_24' title="bbox 115 1636 784 1701; baseline 0.003 -19"><span class='ocrx_word' id='word_1_187' title='bbox 115 1636 142 1683; x_wconf 89' lang='lat' dir='ltr'>in</span> <span class='ocrx_word' id='word_1_188' title='bbox 159 1638 276 1686; x_wconf 87' lang='lat' dir='ltr'>circuitum</span> <span class='ocrx_word' id='word_1_189' title='bbox 295 1647 382 1701; x_wconf 86' lang='lat' dir='ltr'>patens,</span> <span class='ocrx_word' id='word_1_190' title='bbox 402 1640 468 1686; x_wconf 88' lang='lat' dir='ltr'>altior</span> <span class='ocrx_word' id='word_1_191' title='bbox 486 1655 561 1701; x_wconf 89' lang='lat' dir='ltr'>quam,</span> <span class='ocrx_word' id='word_1_192' title='bbox 581 1640 610 1686; x_wconf 91' lang='lat' dir='ltr'>ad</span> <span class='ocrx_word' id='word_1_193' title='bbox 625 1639 784 1701; x_wconf 81' lang='lat' dir='ltr'>navigandum,</span> 
     </span>
     <span class='ocr_line' id='line_1_25' title="bbox 116 1703 786 1765; baseline 0.003 -18"><span class='ocrx_word' id='word_1_194' title='bbox 116 1704 207 1764; x_wconf 85' lang='lat' dir='ltr'>magnis</span> <span class='ocrx_word' id='word_1_195' title='bbox 226 1705 357 1765; x_wconf 85' lang='lat' dir='ltr'>onustisque</span> <span class='ocrx_word' id='word_1_196' title='bbox 375 1706 469 1752; x_wconf 87' lang='lat' dir='ltr'>navibus</span> <span class='ocrx_word' id='word_1_197' title='bbox 488 1704 541 1751; x_wconf 81' lang='lat' dir='ltr'>satis</span> <span class='ocrx_word' id='word_1_198' title='bbox 557 1711 600 1750; x_wconf 85' lang='lat' dir='ltr'>est.</span> <span class='ocrx_word' id='word_1_199' title='bbox 626 1703 786 1750; x_wconf 84' lang='lat' dir='ltr'>Psammetichi</span> 
     </span>
     <span class='ocr_line' id='line_1_26' title="bbox 116 1766 787 1830; baseline 0 -17"><span class='ocrx_word' id='word_1_200' title='bbox 116 1782 182 1827; x_wconf 90' lang='lat' dir='ltr'>opus,</span> <span class='ocrx_word' id='word_1_201' title='bbox 200 1766 360 1829; x_wconf 80' lang='lat' dir='ltr'>Labyrinthus,</span> <span class='ocrx_word' id='word_1_202' title='bbox 378 1769 458 1815; x_wconf 86' lang='lat' dir='ltr'>domos</span> <span class='ocrx_word' id='word_1_203' title='bbox 475 1768 586 1815; x_wconf 88' lang='lat' dir='ltr'>termille</span> <span class='ocrx_word' id='word_1_204' title='bbox 600 1776 624 1815; x_wconf 83' lang='lat' dir='ltr'>et</span> <span class='ocrx_word' id='word_1_205' title='bbox 641 1768 715 1830; x_wconf 82' lang='lat' dir='ltr'>regias</span> <span class='ocrx_word' id='word_1_206' title='bbox 729 1769 787 1813; x_wconf 88' lang='lat' dir='ltr'>duo-</span> 
     </span>
     <span class='ocr_line' id='line_1_27' title="bbox 117 1832 787 1899; baseline 0.001 -22"><span class='ocrx_word' id='word_1_207' title='bbox 117 1832 190 1878; x_wconf 89' lang='lat' dir='ltr'>decim</span> <span class='ocrx_word' id='word_1_208' title='bbox 204 1840 313 1899; x_wconf 90' lang='lat' dir='ltr'>perpetuo</span> <span class='ocrx_word' id='word_1_209' title='bbox 327 1834 417 1895; x_wconf 87' lang='lat' dir='ltr'>parietis</span> <span class='ocrx_word' id='word_1_210' title='bbox 434 1834 518 1891; x_wconf 79' lang='lat' dir='ltr'>ambitu</span> <span class='ocrx_word' id='word_1_211' title='bbox 533 1834 657 1895; x_wconf 84' lang='lat' dir='ltr'>amplexus,</span> <span class='ocrx_word' id='word_1_212' title='bbox 675 1848 787 1879; x_wconf 87' lang='lat' dir='ltr'>marmore</span> 
     </span>
    </p>
   </div>
   <div class='ocr_carea' id='block_1_4' title="bbox 117 1898 860 1952">
    <p class='ocr_par' dir='ltr' id='par_1_4' title="bbox 117 1898 860 1952">
     <span class='ocr_line' id='line_1_28' title="bbox 117 1898 860 1952; baseline 0 -9"><span class='ocrx_word' id='word_1_213' title='bbox 117 1903 246 1944; x_wconf 84' lang='lat' dir='ltr'>exstructus</span> <span class='ocrx_word' id='word_1_214' title='bbox 261 1913 288 1944; x_wconf 90' lang='lat' dir='ltr'>ac</span> <span class='ocrx_word' id='word_1_215' title='bbox 303 1905 383 1952; x_wconf 85' lang='lat' dir='ltr'>tectus,</span> <span class='ocrx_word' id='word_1_216' title='bbox 400 1913 471 1945; x_wconf 90' lang='lat' dir='ltr'>unum</span> <span class='ocrx_word' id='word_1_217' title='bbox 486 1899 511 1943; x_wconf 90' lang='lat' dir='ltr'>in</span> <span class='ocrx_word' id='word_1_218' title='bbox 526 1914 551 1945; x_wconf 90' lang='lat' dir='ltr'>se</span> <span class='ocrx_word' id='word_1_219' title='bbox 564 1898 696 1944; x_wconf 90' lang='lat' dir='ltr'>descensum</span> <span class='ocrx_word' id='word_1_220' title='bbox 713 1898 786 1951; x_wconf 87' lang='lat' dir='ltr'>habet,</span> <span class='ocrx_word' id='word_1_221' title='bbox 858 1915 860 1924; x_wconf 70' lang='lat'><strong><em>¹</em></strong></span> 
     </span>
    </p>
   </div>
   <div class='ocr_carea' id='block_1_5' title="bbox 117 1960 791 2671">
    <p class='ocr_par' dir='ltr' id='par_1_5' title="bbox 117 1960 791 2671">
     <span class='ocr_line' id='line_1_29' title="bbox 117 1960 788 2024; baseline 0.001 -18"><span class='ocrx_word' id='word_1_222' title='bbox 117 1960 178 2007; x_wconf 89' lang='lat' dir='ltr'>intus</span> <span class='ocrx_word' id='word_1_223' title='bbox 189 1976 255 2023; x_wconf 86' lang='lat' dir='ltr'>paene</span> <span class='ocrx_word' id='word_1_224' title='bbox 265 1962 437 2009; x_wconf 89' lang='lat' dir='ltr'>innumerabiles</span> <span class='ocrx_word' id='word_1_225' title='bbox 447 1962 503 2015; x_wconf 85' lang='lat' dir='ltr'>vias,</span> <span class='ocrx_word' id='word_1_226' title='bbox 515 1962 593 2008; x_wconf 91' lang='lat' dir='ltr'>multis</span> <span class='ocrx_word' id='word_1_227' title='bbox 603 1962 733 2024; x_wconf 82' lang='lat' dir='ltr'>ambagibus</span> <span class='ocrx_word' id='word_1_228' title='bbox 743 1962 788 2007; x_wconf 90' lang='lat' dir='ltr'>buc</span> 
     </span>
     <span class='ocr_line' id='line_1_30' title="bbox 118 2026 788 2088; baseline -0.001 -16"><span class='ocrx_word' id='word_1_229' title='bbox 118 2032 142 2072; x_wconf 90' lang='lat' dir='ltr'>et</span> <span class='ocrx_word' id='word_1_230' title='bbox 156 2026 209 2072; x_wconf 92' lang='lat' dir='ltr'>illuc</span> <span class='ocrx_word' id='word_1_231' title='bbox 224 2027 381 2081; x_wconf 85' lang='lat' dir='ltr'>remeantibus,</span> <span class='ocrx_word' id='word_1_232' title='bbox 399 2027 438 2072; x_wconf 93' lang='lat' dir='ltr'>sed</span> <span class='ocrx_word' id='word_1_233' title='bbox 453 2028 561 2073; x_wconf 88' lang='lat' dir='ltr'>continuo</span> <span class='ocrx_word' id='word_1_234' title='bbox 572 2026 680 2079; x_wconf 80' lang='lat' dir='ltr'>anfractu,</span> <span class='ocrx_word' id='word_1_235' title='bbox 693 2034 716 2073; x_wconf 87' lang='lat' dir='ltr'>et</span> <span class='ocrx_word' id='word_1_236' title='bbox 727 2041 788 2088; x_wconf 85' lang='lat' dir='ltr'>saepe</span> 
     </span>
     <span class='ocr_line' id='line_1_31' title="bbox 119 2091 787 2152; baseline 0.003 -17"><span class='ocrx_word' id='word_1_237' title='bbox 119 2091 228 2137; x_wconf 87' lang='lat' dir='ltr'>revocatis</span> <span class='ocrx_word' id='word_1_238' title='bbox 242 2092 363 2152; x_wconf 87' lang='lat' dir='ltr'>porticibus</span> <span class='ocrx_word' id='word_1_239' title='bbox 377 2091 497 2152; x_wconf 85' lang='lat' dir='ltr'>ancipites:</span> <span class='ocrx_word' id='word_1_240' title='bbox 516 2092 596 2151; x_wconf 91' lang='lat' dir='ltr'>quibua</span> <span class='ocrx_word' id='word_1_241' title='bbox 612 2091 705 2138; x_wconf 89' lang='lat' dir='ltr'>subinde</span> <span class='ocrx_word' id='word_1_242' title='bbox 718 2092 787 2137; x_wconf 89' lang='lat' dir='ltr'>alium</span> 
     </span>
     <span class='ocr_line' id='line_1_32' title="bbox 120 2156 790 2217; baseline 0.001 -17"><span class='ocrx_word' id='word_1_243' title='bbox 120 2170 186 2217; x_wconf 86' lang='lat' dir='ltr'>super</span> <span class='ocrx_word' id='word_1_244' title='bbox 200 2156 255 2201; x_wconf 84' lang='lat' dir='ltr'>alios</span> <span class='ocrx_word' id='word_1_245' title='bbox 271 2156 346 2201; x_wconf 87' lang='lat' dir='ltr'>orbem</span> <span class='ocrx_word' id='word_1_246' title='bbox 363 2157 488 2217; x_wconf 71' lang='lat' dir='ltr'>agentibus</span> <span class='ocrx_word' id='word_1_247' title='bbox 500 2162 523 2201; x_wconf 86' lang='lat' dir='ltr'>et</span> <span class='ocrx_word' id='word_1_248' title='bbox 535 2156 628 2202; x_wconf 89' lang='lat' dir='ltr'>subinde</span> <span class='ocrx_word' id='word_1_249' title='bbox 638 2164 726 2202; x_wconf 88' lang='lat' dir='ltr'>tantum</span> <span class='ocrx_word' id='word_1_250' title='bbox 738 2156 790 2201; x_wconf 92' lang='lat' dir='ltr'>red-</span> 
     </span>
     <span class='ocr_line' id='line_1_33' title="bbox 120 2219 788 2283; baseline 0.001 -18"><span class='ocrx_word' id='word_1_251' title='bbox 120 2227 187 2265; x_wconf 90' lang='lat' dir='ltr'>eunte</span> <span class='ocrx_word' id='word_1_252' title='bbox 197 2219 258 2266; x_wconf 80' lang='lat' dir='ltr'>flexu</span> <span class='ocrx_word' id='word_1_253' title='bbox 269 2228 376 2280; x_wconf 86' lang='lat' dir='ltr'>quantum</span> <span class='ocrx_word' id='word_1_254' title='bbox 391 2228 536 2283; x_wconf 84' lang='lat' dir='ltr'>processerat,</span> <span class='ocrx_word' id='word_1_255' title='bbox 554 2236 639 2282; x_wconf 83' lang='lat' dir='ltr'>magno</span> <span class='ocrx_word' id='word_1_256' title='bbox 653 2227 676 2266; x_wconf 87' lang='lat' dir='ltr'>et</span> <span class='ocrx_word' id='word_1_257' title='bbox 691 2221 788 2281; x_wconf 80' lang='lat' dir='ltr'>explica·</span> 
     </span>
     <span class='ocr_line' id='line_1_34' title="bbox 119 2283 787 2347; baseline -0.001 -17"><span class='ocrx_word' id='word_1_258' title='bbox 119 2284 157 2330; x_wconf 90' lang='lat' dir='ltr'>bili</span> <span class='ocrx_word' id='word_1_259' title='bbox 172 2292 247 2331; x_wconf 85' lang='lat' dir='ltr'>tamen</span> <span class='ocrx_word' id='word_1_260' title='bbox 263 2300 338 2331; x_wconf 87' lang='lat' dir='ltr'>errore</span> <span class='ocrx_word' id='word_1_261' title='bbox 349 2286 469 2347; x_wconf 84' lang='lat' dir='ltr'>perplexus</span> <span class='ocrx_word' id='word_1_262' title='bbox 480 2292 521 2331; x_wconf 72' lang='lat' dir='ltr'>est.</span> <span class='ocrx_word' id='word_1_263' title='bbox 553 2283 658 2332; x_wconf 88' lang='lat' dir='ltr'>Cultores</span> <span class='ocrx_word' id='word_1_264' title='bbox 671 2286 787 2345; x_wconf 88' lang='lat' dir='ltr'>regionum</span> 
     </span>
     <span class='ocr_line' id='line_1_35' title="bbox 121 2349 788 2411; baseline 0 -16"><span class='ocrx_word' id='word_1_265' title='bbox 121 2350 192 2399; x_wconf 87' lang='lat' dir='ltr'>multo</span> <span class='ocrx_word' id='word_1_266' title='bbox 210 2349 273 2395; x_wconf 87' lang='lat' dir='ltr'>aliter</span> <span class='ocrx_word' id='word_1_267' title='bbox 291 2365 304 2396; x_wconf 89' lang='lat' dir='ltr'>a</span> <span class='ocrx_word' id='word_1_268' title='bbox 320 2351 409 2395; x_wconf 88' lang='lat' dir='ltr'>caeteris</span> <span class='ocrx_word' id='word_1_269' title='bbox 425 2358 504 2411; x_wconf 76' lang='lat' dir='ltr'>agunt.</span> <span class='ocrx_word' id='word_1_270' title='bbox 531 2350 639 2397; x_wconf 89' lang='lat' dir='ltr'>Mortuos</span> <span class='ocrx_word' id='word_1_271' title='bbox 655 2350 710 2394; x_wconf 91' lang='lat' dir='ltr'>limo</span> <span class='ocrx_word' id='word_1_272' title='bbox 726 2350 788 2395; x_wconf 92' lang='lat' dir='ltr'>obliti</span> 
     </span>
     <span class='ocr_line' id='line_1_36' title="bbox 121 2413 788 2479; baseline -0.001 -20"><span class='ocrx_word' id='word_1_273' title='bbox 121 2414 245 2479; x_wconf 77' lang='lat' dir='ltr'>plangunt:</span> <span class='ocrx_word' id='word_1_274' title='bbox 263 2429 305 2459; x_wconf 89' lang='lat' dir='ltr'>nec</span> <span class='ocrx_word' id='word_1_275' title='bbox 316 2429 415 2462; x_wconf 86' lang='lat' dir='ltr'>cremare</span> <span class='ocrx_word' id='word_1_276' title='bbox 426 2422 465 2460; x_wconf 84' lang='lat' dir='ltr'>aut</span> <span class='ocrx_word' id='word_1_277' title='bbox 475 2414 552 2460; x_wconf 83' lang='lat' dir='ltr'>fodere</span> <span class='ocrx_word' id='word_1_278' title='bbox 561 2413 596 2460; x_wconf 88' lang='lat' dir='ltr'>fas</span> <span class='ocrx_word' id='word_1_279' title='bbox 603 2420 683 2474; x_wconf 86' lang='lat' dir='ltr'>putant</span> <span class='ocrx_word' id='word_1_280' title='bbox 689 2429 697 2467; x_wconf 92' lang='lat'>;</span> <span class='ocrx_word' id='word_1_281' title='bbox 709 2428 788 2458; x_wconf 81' lang='lat' dir='ltr'>verum</span> 
     </span>
     <span class='ocr_line' id='line_1_37' title="bbox 122 2476 790 2541; baseline 0 -18"><span class='ocrx_word' id='word_1_282' title='bbox 122 2486 168 2525; x_wconf 90' lang='lat' dir='ltr'>arte</span> <span class='ocrx_word' id='word_1_283' title='bbox 179 2478 301 2525; x_wconf 87' lang='lat' dir='ltr'>medicatos</span> <span class='ocrx_word' id='word_1_284' title='bbox 311 2479 370 2525; x_wconf 84' lang='lat' dir='ltr'>intra</span> <span class='ocrx_word' id='word_1_285' title='bbox 380 2478 502 2541; x_wconf 84' lang='lat' dir='ltr'>penetralia</span> <span class='ocrx_word' id='word_1_286' title='bbox 512 2478 630 2524; x_wconf 86' lang='lat' dir='ltr'>collocant.</span> <span class='ocrx_word' id='word_1_287' title='bbox 657 2476 709 2523; x_wconf 88' lang='lat' dir='ltr'>Suis</span> <span class='ocrx_word' id='word_1_288' title='bbox 719 2477 790 2523; x_wconf 90' lang='lat' dir='ltr'>literis</span> 
     </span>
     <span class='ocr_line' id='line_1_38' title="bbox 123 2540 790 2603; baseline -0.004 -15"><span class='ocrx_word' id='word_1_289' title='bbox 123 2558 225 2603; x_wconf 88' lang='lat' dir='ltr'>perverse</span> <span class='ocrx_word' id='word_1_290' title='bbox 236 2550 336 2590; x_wconf 87' lang='lat' dir='ltr'>utuntur.</span> <span class='ocrx_word' id='word_1_291' title='bbox 365 2542 451 2589; x_wconf 89' lang='lat' dir='ltr'>Lutum</span> <span class='ocrx_word' id='word_1_292' title='bbox 467 2544 525 2588; x_wconf 89' lang='lat' dir='ltr'>inter</span> <span class='ocrx_word' id='word_1_293' title='bbox 539 2557 626 2594; x_wconf 88' lang='lat' dir='ltr'>manus,</span> <span class='ocrx_word' id='word_1_294' title='bbox 638 2540 732 2587; x_wconf 75' lang='lat' dir='ltr'>farinam</span> <span class='ocrx_word' id='word_1_295' title='bbox 744 2542 790 2587; x_wconf 86' lang='lat' dir='ltr'>cal·</span> 
     </span>
     <span class='ocr_line' id='line_1_39' title="bbox 123 2605 791 2671; baseline -0.003 -18"><span class='ocrx_word' id='word_1_296' title='bbox 123 2606 188 2662; x_wconf 89' lang='lat' dir='ltr'>cibus,</span> <span class='ocrx_word' id='word_1_297' title='bbox 199 2608 312 2671; x_wconf 85' lang='lat' dir='ltr'>subigunt.</span> <span class='ocrx_word' id='word_1_298' title='bbox 330 2606 415 2655; x_wconf 83' lang='lat' dir='ltr'>Forum</span> <span class='ocrx_word' id='word_1_299' title='bbox 424 2623 451 2655; x_wconf 89' lang='lat' dir='ltr'>ac</span> <span class='ocrx_word' id='word_1_300' title='bbox 459 2607 551 2669; x_wconf 83' lang='lat' dir='ltr'>negotia</span> <span class='ocrx_word' id='word_1_301' title='bbox 560 2606 658 2660; x_wconf 82' lang='lat' dir='ltr'>feminae,</span> <span class='ocrx_word' id='word_1_302' title='bbox 670 2605 712 2652; x_wconf 82' lang='lat' dir='ltr'>viri</span> <span class='ocrx_word' id='word_1_303' title='bbox 721 2620 791 2667; x_wconf 89' lang='lat' dir='ltr'>pensa</span> 
     </span>
    </p>
   </div>
   <div class='ocr_carea' id='block_1_6' title="bbox 0 0 943 2917">
    <p class='ocr_par' dir='ltr' id='par_1_6' title="bbox 0 0 943 2917">
     <span class='ocr_line' id='line_1_40' title="bbox 0 0 943 2917; baseline 0 0"><span class='ocrx_word' id='word_1_304' title='bbox 0 0 943 2917; x_wconf 95' lang='lat' dir='ltr'> </span> 
     </span>
    </p>
   </div>
  </div>
 </body>
</html>
