1859 2917
249 448 547 518 POMPONII
576 446 768 529 MELAE,

481 626 520 661 ns

292 758 451 834 s1uu
489 746 709 872 onais,

425 940 533 989 LIBER
547 939 584 987 IL

257 1332 259 1336 Ι
317 1255 553 1321 Cael-Scyllia
564 1258 693 1319 Europae.
753 1325 757 1330 ι

203 1370 842 1437 AsminNostrummareTmaiuquevergentisquem
912 1355 913 1414 Ῐ

171 1437 224 1491 dixi,
242 1436 294 1483 finis
308 1451 335 1483 ae
352 1437 408 1483 situs
425 1444 468 1483 est.
493 1438 527 1483 At
543 1452 583 1497 per
598 1437 703 1483 eumdem
713 1450 807 1482 amnem
818 1437 842 1481 in
912 1435 913 1466 ³

171 1501 283 1549 Maeotida
293 1501 449 1555 remeantibus,
459 1500 487 1547 ad
498 1500 599 1547 dextram
611 1500 706 1561 Europe
715 1507 759 1554 est,
771 1500 841 1546 modo

170 1566 261 1613 sinistro
268 1566 338 1613 latere
347 1565 525 1627 innavigantium
536 1565 643 1627 apposita.
661 1564 766 1626 Rhipaeis
774 1579 841 1611 mon-
912 1627 913 1630 Ἰ

170 1632 230 1677 tibus
239 1631 341 1692 proxima
356 1630 391 1693 (et
405 1631 449 1675 huo
462 1630 522 1676 enim
532 1626 655 1691 pertinent)
667 1630 775 1675 cadentes
784 1630 840 1675 assi·

170 1696 215 1743 due
225 1696 289 1743 nivea
299 1696 355 1743 adeo
362 1694 423 1741 invia
433 1694 540 1749 efficiunt,
552 1702 578 1740 ut
588 1694 647 1740 ultra
660 1709 690 1740 ne
699 1693 776 1740 visum
791 1694 841 1753 qul-

157 1760 222 1807 ·dem
237 1761 387 1807 incedentium
402 1759 528 1805 admittant.
553 1757 644 1805 Deinde
659 1764 695 1805 est
711 1759 776 1819 regio
790 1758 840 1804 ditis

170 1824 291 1871 admodum
303 1825 351 1879 soli,
363 1824 509 1871 inhabitabilis
519 1830 610 1881 tamen3
628 1824 680 1883 quia
689 1823 782 1884 gryphi,
795 1838 839 1869 ae-

170 1904 226 1935 vum
236 1896 260 1935 et
270 1889 372 1951 pertinax
386 1885 484 1935 ferarum
494 1901 574 1951 genua
586 1903 665 1933 aurum
677 1885 738 1942 terri
747 1888 838 1948 penitus

170 1960 274 2014 egestum
285 1954 341 1999 mire
351 1960 434 2007 amant,
446 1953 547 2013 mireque
556 1952 692 2005 custodiunt,
704 1959 729 1997 ot
741 1960 796 1997 sunt
805 1952 840 1997 in·

168 2016 222 2065 tecti
240 2018 408 2079 attingentibus.
435 2016 564 2063 Hominum
580 2016 646 2078 primi
665 2022 720 2062 aunt
736 2016 836 2077 Scythae,
912 2049 913 2066 i

170 2082 357 2143 Scytharumque,
369 2082 431 2142 queis
443 2082 525 2143 singuli
537 2082 595 2127 oculi
603 2096 653 2127 esse
662 2079 776 2134 dicuntur,
786 2081 838 2127 Ari-
912 2127 913 2130 ,

168 2161 269 2207 maspoe:
283 2148 310 2193 ab
321 2146 353 2193 eis
364 2146 494 2193 Essedones
504 2145 613 2206 usquead
623 2144 742 2191 Maeotida.
761 2144 837 2207 Hujus

168 2209 253 2257 flexum
265 2210 341 2257 Buces
351 2210 423 2255 amnis
434 2216 508 2255 secat:
528 2209 653 2271 Agathyrsi
662 2217 686 2255 et
697 2209 837 2256 Sauromatae
912 2207 913 2262 l

78 2330 82 2341 k
169 2276 270 2321 ambiunt
276 2291 284 2331 ;
295 2275 348 2334 quia
357 2288 398 2334 pro
410 2272 498 2319 sedibus
509 2273 609 2333 plaustra
619 2274 708 2327 habent,
720 2274 776 2319 dieti
787 2272 837 2320 Ha·
912 2267 913 2298 ³

168 2339 289 2385 masobioe.
314 2337 410 2395 Obliqua
427 2344 481 2381 tuno
493 2338 522 2383 ad
536 2337 664 2398 Bosporum
679 2338 747 2399 plaga
757 2352 838 2384 excur-

166 2417 227 2456 rens,
240 2401 315 2449 Ponto
326 2416 353 2447 ae
364 2400 475 2447 Maeotide
485 2400 613 2447 includitur.
631 2400 661 2446 In
671 2403 775 2463 paludem
787 2417 837 2447 ver·
912 2447 913 2450 ,

167 2467 245 2526 gentia
264 2465 377 2512 Satarehae
399 2471 491 2520 tenent;
509 2464 533 2509 in
552 2464 681 2527 Bosporum
701 2464 837 2514 Cimmerion
870 2467 872 2470 '

167 2530 255 2589 oppida,
268 2528 419 2589 Mynneoion‚
431 2526 608 2588 Panticapaeum,
619 2529 757 2583 Tneodosia,
775 2529 836 2576 Her-

77 2632 81 2637 .
164 2592 270 2650 misiumr
285 2592 309 2639 in
320 2591 437 2640 Euxinum
447 2605 517 2645 mare,
528 2590 628 2641 Taurici·
654 2594 728 2656 Super
738 2608 787 2651 ooo,
804 2594 835 2641 sl-
