1859 2917
301 140 350 190 111.
363 140 555 191 narsumns
728 139 759 189 ts

86 269 228 335 desperaret.
263 268 335 328 idem,
351 288 401 319 ossa
411 274 458 335 ejus
467 272 522 319 clam
531 273 554 318 in
563 268 641 318 Ardet
648 268 675 318 ab
683 268 761 319 amicta

86 338 179 399 sepulta
188 338 304 401 (quoniam
312 339 398 399 legibus
406 352 451 383 non
459 336 623 389 concederetur,
640 335 701 397 quod
707 350 760 398 pro-

87 400 184 448 ditionis
196 410 255 448 esset
263 400 398 463 damnatus),
408 402 522 449 memon'ae
529 400 632 464 prodidit.

258 676 324 741 111.
336 672 610 741 'nulsTIDEs

124 834 146 883 1.
154 834 292 891 darsumas,
303 836 430 899 Lysimachi
438 838 503 891 lilius,
513 835 664 888 auertenda,
672 833 764 894 mutii·

93 900 142 947 sere
158 900 201 947 luit
216 900 375 951 Themistocli:
395 904 470 963 itaque
485 918 536 949 cum
553 917 581 948 co
596 901 625 947 de
639 899 764 961 principatu

94 966 225 1011 contenditz
239 979 334 1027 nemque
345 966 496 1013 obtrectiarunt
506 968 564 1013 inter
575 981 606 1012 ae.
640 962 668 1010 In
679 964 714 1009 liis
722 978 764 1009 au·

96 1034 144 1075 tem
160 1031 277 1091 cognitum
290 1038 331 1085 est,
343 1038 426 1093 quanto
437 1033 553 1077 antistaret
562 1029 689 1090 eloquentia
698 1029 764 1073 iuno·

96 1094 191 1141 oentiae:
210 1110 343 1157 quamquam
362 1097 421 1143 enim
440 1096 496 1141 adeo
514 1094 635 1141 excellebat
654 1092 765 1138 Aristides

96 1158 237 1212 statuentia,
254 1166 279 1206 ut
294 1175 351 1207 unus
364 1166 415 1221 poet
425 1160 541 1205 hominum
552 1158 682 1204 memoriam
694 1155 765 1218 (quod

96 1223 188 1282 quidem
203 1238 245 1271 nos
259 1222 402 1284 audierimus)
414 1224 549 1286 cognomine
558 1222 639 1271 Justus
651 1221 680 1267 sit
689 1219 766 1281 appel·

96 1286 171 1344 latua3
183 1294 265 1342 muron,
278 1288 451 1335 a'stemistocle
461 1286 617 1334 collabefactus
628 1282 710 1331 testuli
720 1281 765 1337 iul,

97 1352 178 1398 exsilio
193 1352 270 1399 decem
287 1368 395 1400 annorum
413 1352 520 1399 multatus
537 1358 578 1402 est
615 1350 661 1404 Qu
677 1348 766 1409 quidem

97 1422 150 1462 eum
161 1416 301 1479 intelligeret,
311 1418 398 1480 reprimi
405 1416 538 1465 concitatam
546 1415 710 1463 multitudinem
718 1420 766 1457 non

97 1494 171 1543 posse,
191 1482 316 1543 cedensque
331 1483 517 1529 animadverteret
534 1481 652 1543 quemdam
669 1478 767 1524 mntem·
841 1490 845 1494 ·

98 1552 152 1599 tem,
165 1554 191 1593 ut
200 1546 271 1608 patrii
280 1548 405 1609 pelleretur,
417 1544 527 1608 quesisse
533 1548 560 1593 ab
568 1560 595 1592 eo
603 1545 691 1596 dieitur,
699 1554 768 1603 quare

99 1609 124 1655 id
136 1610 226 1665 iaceret,
242 1620 281 1658 aut
295 1612 349 1672 quid
366 1612 477 1659 Aristides
488 1610 643 1662 commisisset.
655 1619 696 1654 cur
704 1603 768 1653 tend

100 1673 168 1736 poeni
178 1676 259 1737 dignus
270 1677 404 1723 duceretur?
430 1675 475 1725 Cui
485 1676 522 1721 ille
533 1674 654 1736 respondit„
666 1687 691 1717 se
700 1672 768 1731 igno·

101 1754 150 1785 rare
164 1740 293 1798 Aristidem
311 1742 351 1789 sed
365 1742 405 1787 sibi
421 1756 467 1787 uon
482 1741 576 1802 placere,
591 1736 652 1798 quod
666 1742 712 1781 tum
728 1748 769 1779 eu·

100 1803 151 1865 pide
161 1803 302 1859 elaboriasset,
320 1812 345 1851 ut
359 1813 441 1867 praeter
452 1813 546 1851 caeteros
556 1802 638 1851 Juatus
648 1799 769 1862 appellere·

100 1877 145 1914 tur.
180 1868 227 1915 Hic
246 1870 322 1917 decdo
342 1882 451 1917 annorum
470 1868 594 1930 legitimam
612 1880 702 1927 poenam
721 1869 768 1908 don

100 1932 204 1995 pertulit:
218 1948 277 1987 nam,
289 1942 407 1996 postquam
419 1933 510 1981 Xerxes
520 1932 544 1977 in
556 1930 668 1978 Graeciam
677 1929 771 1978 deseen-

101 1996 139 2050 dit
152 2006 216 2044 sexto
226 1998 273 2044 lere
284 2014 350 2052 anno,
363 2014 429 2059 quam
441 2006 489 2045 erat
499 1996 613 2058 expulsus,
625 1992 770 2056 populi-scito

102 2058 126 2107 in
165 2062 228 2109 triam
239 2064 355 2109 restitutus
366 2070 408 2109 est.

135 2076 169 2172 ll.
189 2125 296 2173 Interfuit
311 2133 386 2173 autem
401 2140 485 2189 pugnae
496 2124 569 2174 navali
580 2122 639 2186 apud
650 2120 770 2173 Salamiua,

105 2204 154 2251 quae
168 2190 228 2239 facta
242 2198 277 2239 eat
291 2192 352 2253 priua
368 2204 434 2251 quam
452 2190 520 2253 poend
535 2190 671 2236 liberaretur.
706 2183 771 2230 Idem

105 2264 184 2317 praetor
195 2254 238 2301 fult
247 2255 421 2303 Atheniensium
433 2256 491 2319 apud
503 2254 600 2301 Plataeas
608 2253 631 2297 in
639 2250 720 2313 proelio
728 2260 773 2308 quo

105 2316 237 2366 Mardonius
246 2320 318 2373 fusus,
330 2321 518 2381 barbarorumque
525 2318 635 2365 exercitus
642 2314 773 2361 interiectus

106 2391 145 2429 est.
169 2382 252 2445 Neque
267 2382 325 2431 aliud
341 2390 376 2430 est
391 2385 461 2431 ullum
477 2384 546 2445 hujus
562 2383 586 2427 in
602 2396 626 2426 ra
640 2376 729 2425 militari
746 2374 775 2418 ss-

106 2449 173 2495 lustre
183 2445 275 2501 factum,
294 2464 360 2509 quam
370 2450 436 2511 hujus
447 2447 536 2510 imperii
546 2444 668 2492 memoria:
679 2438 774 2514 justitia
834 2444 841 2512 γ’

105 2526 166 2567 nero,
185 2520 208 2559 et
219 2512 336 2573 aequitatis,
354 2520 377 2558 et
391 2513 535 2564 innocentie,
553 2509 636 2555 multa:
654 2506 679 2549 in
689 2516 774 2566 primas,

107 2576 165 2639 quod
175 2578 223 2623 e'us
232 2576 336 2639 aequitate
343 2576 428 2623 factum
436 2584 479 2629 est,
492 2590 545 2623 mnu
553 2574 576 2617 ln
584 2569 698 2616 communi
705 2568 777 2614 elme

107 2650 164 2689 esset
189 2642 278 2690 vsueciae
293 2642 361 2689 dmul
375 2656 427 2689 cum
443 2635 559 2689 Fauonii
573 2636 629 2698 (qut)
644 2634 701 2680 duct
711 2630 778 2679 Μῑῐ·
