1859 2917
91 130 95 137 ·
159 114 674 175 nnslwoanls,nra1.caa1a.
725 120 757 167 19

81 264 177 299 naum.
197 250 269 312 Supra
277 265 357 313 specus
365 257 406 303 est,
417 249 509 296 nomine
520 247 637 310 Corycius,
648 248 757 312 singulari

82 316 184 378 ingenio,
198 331 230 368 ac,
244 328 310 377 supra
321 328 388 375 quarn
399 322 425 360 ut
436 315 529 361 describi
540 314 605 361 facile
615 316 693 376 possit,
706 316 757 361 exi-

82 382 153 427 mius.
178 380 265 426 Grandi
283 395 380 440 namque
395 380 457 425 hiatu
473 385 560 440 patens,
578 388 678 427 montem
695 380 756 425 litori

84 445 221 507 appositum,
241 452 263 490 et
278 444 355 491 decem
371 444 493 490 stadiorum
508 444 567 490 cliro
582 445 636 490 satis
651 445 754 498 arduum,

84 524 116 557 ex
126 524 216 555 summo
228 509 301 554 statim
314 508 398 555 vertice
408 509 485 569 aperit.
504 506 572 554 Tunc
582 509 626 555 alte
637 509 755 563 demissus,

84 581 110 620 et
119 580 227 633 quantum
236 573 359 619 demittitur
368 572 469 633 amplior,
479 573 537 618 viret
544 573 601 619 lucis
608 573 757 635 pendentibus

87 638 195 698 undique,
213 644 236 684 et
253 644 325 683 totum
342 653 366 683 se
381 652 501 684 nemoroso
517 637 612 684 laterum
626 638 679 683 orbe
694 653 757 684 com-

78 703 208 765 ,plectrum
226 702 281 748 adeo
295 701 402 748 mirificus
417 717 444 748 ac
458 702 557 763 pulcher,
574 710 600 749 ut
615 710 703 748 mentes
719 718 758 749 ac-

2 816 4 825 ,
86 764 215 814 cedentium
234 768 307 827 primo
326 766 432 827 adspectu
446 773 590 823 constemat;
608 767 644 812 ubi
656 774 759 813 contem-

86 832 143 895 plati
158 830 275 885 duravere,
292 846 338 877 non
354 831 425 877 satiet.
452 830 521 877 Unus
537 831 560 876 in
575 846 627 877 eum
638 831 759 878 descensus

86 904 131 950 est,
142 903 259 957 angustus,
272 912 342 957 asper,
355 897 530 958 quingentorum
539 903 562 942 et
572 896 634 942 mille
643 910 758 958 passuum,

87 977 130 1025 per
147 975 247 1007 amoenas
262 962 350 1007 umbras
364 968 387 1007 et
402 976 471 1023 opaca
482 961 545 1007 silvae
555 961 659 1021 quiddam
670 967 760 1021 agreste

89 1025 225 1083 resonantis,
238 1025 290 1071 rivis
302 1026 353 1071 hinc
364 1032 430 1086 atque
437 1025 499 1071 illinc
510 1024 654 1072 fluitantibus.
675 1024 721 1071 Ubi
732 1024 761 1071 ad

89 1090 137 1136 irna
147 1097 279 1151 perventum
291 1098 332 1143 est,
345 1105 433 1136 rursum
445 1105 524 1151 specus
538 1090 595 1136 alter
611 1090 715 1151 aperitur,
732 1090 761 1135 ob

90 1156 135 1202 alia
150 1154 262 1199 dicendus.
290 1150 372 1201 Terret
387 1154 539 1216 ingredientes
557 1155 632 1216 sonitu
647 1154 762 1214 cymbalo-

90 1234 151 1271 rum,
161 1218 267 1264 divinitus
276 1226 299 1265 et
307 1234 390 1280 magno
397 1218 487 1280 fragore
495 1219 658 1279 crepitantium.
669 1217 762 1265 Deinde

90 1284 229 1344 aliquamdiu
246 1284 383 1345 perspicuus,
401 1298 462 1336 mox,
480 1290 503 1329 et
517 1298 563 1343 quo
577 1284 650 1344 magis
667 1283 761 1336 subitur,

92 1348 216 1401 obscurior,
230 1348 291 1393 ducit
301 1363 368 1395 ausos
378 1352 475 1409 penitus,
487 1349 575 1408 alteque
585 1347 648 1409 quasi
658 1346 763 1394 cuniculo

91 1413 199 1461 admittit.
216 1410 251 1457 Ibi
261 1413 341 1474 ingens
350 1413 429 1467 amnis,
438 1414 525 1474 ingenti
536 1413 599 1458 fonte
608 1428 632 1458 se
642 1411 761 1466 extollens,

91 1477 250 1525 tantummodo
267 1493 291 1523 se
306 1478 410 1531 ostendit,
428 1485 458 1531 et,
476 1478 514 1523 ubi
529 1492 637 1538 magnum
653 1478 762 1538 impetum

91 1542 155 1589 brevi
164 1543 229 1588 alveo
237 1542 311 1595 traxit,
321 1543 401 1589 iterum
411 1542 525 1588 demersus
533 1542 683 1588 absconditur.
698 1540 764 1589 Intra

94 1607 192 1669 spatium
204 1614 238 1652 est
249 1607 329 1669 magis,
342 1621 408 1667 quam
426 1614 451 1653 ut
461 1605 565 1667 progredi
577 1606 685 1667 quispiam
696 1607 763 1660 ausit,

92 1671 207 1724 horribile,
220 1678 243 1717 et
252 1671 303 1717 ideo
309 1671 461 1735 incognitum.
483 1669 558 1716 Totus
568 1677 643 1715 autem
655 1677 765 1731 augustus

93 1745 118 1783 et
127 1752 181 1781 vere
192 1750 261 1789 sacer,
274 1736 410 1795 habitarique
417 1750 430 1781 a
438 1733 494 1781 Diis
503 1742 527 1781 et
537 1736 619 1797 dignus
627 1741 651 1781 et
659 1734 764 1789 creditus,

94 1800 151 1846 nihil
162 1815 209 1845 non
220 1800 351 1852 venerabile,
364 1807 386 1845 et
397 1801 460 1860 quasi
467 1814 518 1845 cum
526 1800 599 1859 aliquo
608 1799 706 1851 numine,
716 1795 765 1865 [se]

96 1872 204 1912 ostentat.
231 1864 299 1910 Alius
310 1865 368 1911 ultra
379 1872 420 1917 est,
435 1879 502 1924 quern
513 1864 663 1925 Typhoneum
674 1872 765 1919 vocant,

96 1946 137 1977 ore
147 1936 252 1990 angusto,
262 1936 285 1975 et
293 1930 388 1975 multum
398 1929 435 1992 (ut
443 1930 528 1990 experti
536 1926 657 1989 tradidere)
666 1943 765 1991 pressus,

97 2002 121 2043 et
138 1995 166 2040 ob
181 1994 203 2039 id
218 1993 306 2039 assidui
321 2002 387 2039 nocte
403 1992 507 2047 suffusus,
524 2009 597 2054 neque
607 2009 705 2054 unquam
716 2010 768 2055 per-

93 2060 153 2121 spici
163 2058 249 2105 sacilisz
264 2058 303 2105 sed
313 2058 365 2119 quia
375 2058 495 2119 aliquando
505 2059 577 2105 cubile
587 2058 705 2120 Typhonis
716 2058 767 2114 suit,

98 2132 121 2171 et
136 2124 188 2184 quia
198 2138 258 2169 nunc
270 2124 365 2169 demissa
379 2124 403 2168 in
418 2138 442 2169 se
457 2124 575 2169 confestim
590 2125 710 2176 exanimat,
727 2138 768 2169 na·

94 2187 150 2236 turri
164 2186 282 2249 fabulique
298 2188 463 2235 memorandus.
494 2187 550 2234 Duo
567 2188 646 2234 deinde
661 2203 769 2249 promon-

98 2254 157 2301 toria
169 2260 228 2304 sunt,
246 2253 367 2315 Sarpedon,
384 2252 434 2298 finis
449 2253 568 2313 aliquando
583 2253 646 2314 regni
659 2252 769 2313 Sarpedo-

98 2319 150 2375 nis;
168 2324 198 2371 et,
218 2318 277 2379 quod
289 2316 390 2366 Ciliciam
403 2317 557 2379 aPamphyliri
568 2318 692 2378 distinguit,
706 2318 770 2361 Ane-

100 2384 213 2430 murium:
233 2384 335 2443 interque
345 2398 372 2429 ea
383 2380 514 2430 Celenderis
522 2390 548 2428 et
559 2381 670 2443 Nagidos,
683 2380 772 2425 Samio-

102 2464 152 2495 rum
164 2447 274 2507 coloniae;
292 2449 331 2495 sed
343 2446 475 2496 Celenderis
486 2446 609 2510 Sarpedoni
619 2445 715 2508 propior.
