1859 2917
177 127 210 171 49
258 122 307 172 DE
324 120 403 172 SITU
419 121 528 179 ORBIS,
544 120 642 170 Lrall.
662 118 723 170 Car.
736 120 761 168 5.

175 251 227 299 tior.
246 252 351 308 Urbimn,
362 268 419 313 quas
428 254 502 307 habat,
512 251 688 314 opulentissima
698 256 760 303 nunt
771 246 841 295 Vasio

100 342 107 347 -
176 316 347 371 Vocontiorum,
356 318 445 365 Vienna
455 318 610 379 Allobrogum,
620 316 711 363 Arenio
719 314 841 365 cavarum»

175 380 360 429 Arecomicorum
375 383 511 435 Nemausus,
525 382 611 429 Tolosa
620 380 784 441 Tectosagum,
803 379 843 425 Se·
914 391 915 438 j

174 447 327 493 cundanorum
338 447 442 501 Arausio,
455 447 603 494 Sextanorum
617 445 717 496 Arelate,
730 442 842 505 Septima·
914 443 915 482 ἒ

174 526 299 572 morumque
309 512 425 558 Baeterrae.
444 512 490 559 Sed
500 517 597 557 antestat
607 520 685 555 omna
693 508 843 555 Atacinorum
914 523 915 558 j

176 574 398 637 Decimanorumque
411 576 506 629 colonia,
517 576 578 622 unde
591 575 644 621 olim
657 575 692 619 bis
703 573 771 619 terris
782 572 845 617 auxi-

174 640 230 686 lium
242 640 292 694 fuit,
302 655 362 687 nunc
370 648 393 687 et
400 656 483 687 nomen
490 647 514 687 et
521 641 589 687 demas
596 646 637 691 est,
647 637 748 684 Martius
757 636 844 682 Narbo.
898 659 901 667 r

176 702 205 750 Iu
223 704 324 751 litoribus
345 706 428 766 aliquot
447 711 501 752 sunt
519 716 570 751 cum
588 704 696 763 aliqmbus
715 701 846 747 nomlmbns

174 770 239 827 looa;
256 777 361 817 caeterum
373 786 429 817 rarae
438 771 511 823 urbes,
523 770 575 831 quia
585 768 627 815 rari
637 772 724 829 portus,
737 774 761 813 ct
773 767 846 811 omnis
912 787 915 792 ·

174 834 242 896 plaga
252 834 338 880 Austro
348 842 415 895 atque
426 831 505 881 Asrico
515 834 615 895 exposita
622 841 665 879 est
679 832 764 879 Moses
770 831 846 891 tangit

175 899 254 960 Alpes,
272 900 345 960 tangit
359 899 464 961 oppidum
481 899 610 951 Deciatum,
628 898 701 959 tangit
718 896 843 957 Antipolis.

175 962 267 1009 Deinde
277 970 312 1009 est
324 962 407 1010 Forum
417 963 481 1016 Julii,
490 964 656 1010 Octaranorum
665 961 767 1008 colonias
781 968 844 1012 tunc,

172 1028 395 1089 post-'Athenopolim
408 1036 431 1074 et
442 1028 537 1081 Olbiam,
549 1035 573 1074 ct
582 1027 719 1079 Taurdenta,
729 1033 754 1071 et
765 1024 847 1073 citua-

175 1093 254 1145 rist‘e'nJ
269 1100 302 1139 est
312 1092 425 1153 'Lacydon
441 1092 617 1139 Massiliensium
633 1099 720 1153 portus,
739 1097 764 1136 et
778 1090 804 1135 in
818 1104 846 1135 eo

174 1155 223 1218 ipsa
235 1156 350 1205 Mamilia
361 1157 427 1211 Haec,
440 1172 453 1203 a
464 1156 568 1203 Phocais
578 1157 678 1210 oriunda,
686 1163 711 1201 et
721 1156 777 1202 olim
786 1155 845 1200 inter

175 1216 349 1298 asper'asq'rosita,
359 1237 424 1276 nunc,
434 1229 459 1268 nt
466 1222 557 1284 pacatis,
566 1222 598 1267 its
605 1220 759 1267 dissimillimis
767 1227 842 1266 tamen

175 1285 753 1419 dimidiiiiiimxiiii&
763 1285 845 1395 ‘iil

175 1430 224 1479 earn
236 1422 259 1461 et
270 1415 412 1469 Rhodanum,
426 1416 541 1462 Maritima
553 1416 700 1462 Auaticorum
712 1422 798 1475 stagno
808 1429 844 1459 as·

175 1480 239 1525 sidet.
265 1478 336 1527 Fossa
354 1480 457 1527 Mariana
472 1487 557 1543 partem
572 1481 620 1542 ejus
633 1480 706 1526 amnis
720 1479 843 1541 navigabili

175 1544 239 1590 alveo
249 1542 349 1591 effundit
371 1545 478 1605 Alioquin
491 1546 545 1591 litus
557 1544 656 1607 ignobile
665 1551 707 1598 est,
718 1543 840 1605 lapideum,

175 1615 201 1655 nt
212 1616 305 1667 vocant3
318 1610 341 1655 in
352 1625 397 1670 quo
409 1610 540 1663 Herculem,
552 1617 630 1655 contra
640 1609 739 1655 Albiana
749 1615 773 1653 et
784 1607 841 1653 Ber-

174 1673 350 1737 gion,·Neptuni
361 1675 448 1728 liberos,
464 1675 612 1727 dimicantem,
627 1689 678 1719 cum
691 1674 737 1719 tela
747 1672 841 1719 deiecis-

174 1746 231 1793 sent,
244 1740 271 1787 ab
281 1740 384 1787 invocato
394 1738 454 1787 Jove
464 1739 563 1802 adjutum
573 1740 643 1785 imbre
652 1738 752 1800 lapidum
759 1736 841 1783 fenmt

174 1798 261 1851 Credas
279 1805 377 1866 pluisse3
400 1805 455 1851 adeo
474 1805 539 1850 multi
556 1804 638 1865 passim
656 1811 679 1849 et
693 1804 740 1849 late
755 1803 839 1865 jacent.

174 1866 298 1915 Rhodanus
314 1884 359 1915 non
372 1870 441 1931 longe
451 1870 478 1915 ab
489 1868 542 1915 Istri
552 1869 672 1929 Rhenique
680 1866 782 1913 fontibus
794 1882 841 1913 sur-

174 1932 222 1993 git:
242 1933 326 1987 deinde,
339 1934 455 1981 Iaemanno
465 1934 516 1981 lacu
526 1941 636 1996 acceptus,
648 1939 711 1979 tenet
722 1932 839 1993 impeturn,
914 1945 915 1958 ³

175 2011 243 2057 seque
253 2012 292 2059 per
302 1998 399 2045 medium
409 1999 497 2060 integer
505 2014 581 2061 agens,
589 2004 685 2060 quimtus
692 1996 765 2056 venit,
776 2011 841 2057 Ψ·

175 2060 249 2118 ditur;
262 2070 286 2108 et
295 2062 347 2109 inde
357 2070 434 2110 contra
445 2064 590 2111 Occidentem
601 2063 693 2115 ablatus,
705 2062 838 2121 aliquamdiu
914 2117 915 2122 ¹

176 2126 262 2173 Gallias
280 2127 378 2185 dirimit;
401 2136 459 2190 post,
477 2144 544 2175 cursu
559 2130 583 2174 in
599 2128 719 2174 Meridiem
735 2127 838 2177 abducto,

174 2190 217 2236 hac
227 2191 302 2246 intrat,
316 2207 449 2253 accessuque
459 2194 553 2240 aliorum
568 2193 667 2245 amnium
677 2193 726 2253 jam
737 2191 838 2252 grandis,

175 2261 199 2299 et
210 2256 301 2303 subinde
311 2258 422 2318 grandior,
437 2257 496 2303 inter
506 2258 591 2303 Valeas
605 2263 628 2303 et
643 2255 743 2303 Caras-as
758 2256 840 2301 emitti-

174 2324 219 2364 tur.
247 2319 315 2367 Ultra
331 2329 383 2367 sunt
399 2328 479 2381 stagna
493 2321 623 2374 Volcarum,
642 2318 837 2372 Mum-flumen,

171 2384 290 2429 ¹castellum
306 2383 394 2437 Latera,
408 2383 567 2431 Mesus‘collis
580 2386 691 2431 incinctus
704 2384 762 2430 mari
776 2399 839 2445 paene

173 2447 286 2507 undiqne3
309 2463 342 2502 ac,
360 2450 402 2495 nisi
421 2449 482 2508 quod
500 2457 596 2511 angusto
615 2465 699 2511 aggere
716 2448 838 2496 continenti

173 2512 305 2566 annectitur,
315 2513 394 2559 insula.
408 2512 470 2559 'Ihm
478 2512 626 2561 exCebennis
637 2515 753 2565 demissus.
766 2514 838 2559 Arau-

172 2573 203 2617 ῖὶε
216 2575 282 2635 juxta
298 2576 412 2639 Agathan,
429 2577 551 2623 secundum
565 2578 678 2625 Baeterras
691 2580 767 2631 Orbis,
781 2577 835 2622 linit.

172 2635 241 2691 Atax,
257 2654 286 2686 ex
300 2639 410 2702 Pyrenam
427 2646 505 2689 monte
519 2641 645 2706 degressus,
662 2642 707 2719 qud
724 2642 839 2691 scissuris
