1859 2917
155 94 242 154 xxv.
260 94 290 146 r.
301 96 503 149 rouromus
519 96 678 163 armeus
713 102 772 147 111.

86 186 770 292 cumessetsepterpat'sexagintmenunqunmmrmmb.

86 296 122 335 tre
133 288 157 335 in
168 290 264 351 gratiam
276 291 368 347 redisse,
381 309 495 355 nunquam
506 309 557 340 cum
569 309 646 341 sorore
655 294 725 340 fuisse
735 294 759 341 in

86 352 211 409 simultate,
229 371 295 416 quem
311 374 381 420 prope
396 358 505 419 aequalem
521 360 628 405 babebat:
648 358 709 419 quod
724 367 760 405 est

86 418 189 479 signum.
205 429 245 467 aut
258 422 341 469 nullam
356 438 453 484 unquam
469 423 528 469 inter
543 438 582 469 eos
598 423 760 484 querimoniam

85 482 250 541 intercessisse,
262 495 301 533 aut
311 488 370 533 bunc
383 486 409 534 erl
422 488 492 534 fuisse
505 488 530 533 ln
544 503 597 534 suos
611 485 757 549 indulgendi,

85 554 120 600 υἱ,
133 564 193 608 quos
203 564 278 599 amare
288 552 384 606 deberet,
395 552 460 599 irasci
471 552 504 599 eis
515 550 578 599 nefas
588 552 685 599 (luceret.
707 550 759 598 Ne-
783 584 789 593 „

85 627 132 673 que
142 612 167 657 id
174 612 228 661 fecit
236 614 318 663 asturi
326 617 405 671 solum,
419 619 565 681 (quamquam
576 616 683 663 omnesei
693 632 759 677 pare·

84 675 151 737 mua)
163 678 204 725 sed
214 680 280 727 etiam
291 680 404 729 doctrina:
423 697 476 729 nam
491 689 515 728 et
523 681 648 743 principum
659 681 758 742 philoso-

83 742 184 803 pborum
194 743 227 791 itu
236 754 340 807 percepta
349 747 426 793 habuit
438 754 557 809 praccepta,
573 754 599 792 ut
611 746 639 792 ils
648 746 678 791 ad
687 745 757 792 vitem

82 806 205 867 agendam,
218 824 265 857 non
275 811 304 857 ari
314 813 494 866 ostentatIonsn,
506 818 614 859 uteretur.
765 858 777 865 ,,

118 870 221 919 XVIII.
242 875 317 921 Moris
333 876 400 923 etiam
415 878 525 939 majorum
541 890 643 936 summus
658 874 758 921 imitator

80 932 135 989 fuit,
157 937 338 1000 antiquitatisque
356 948 457 998 ametor;
479 955 546 1002 quam
564 940 620 987 adeo
638 939 757 1002 diligenter

80 999 163 1048 habuit
174 1005 295 1063 cognitam,
307 1012 333 1051 ut
343 1020 391 1051 eam
402 1012 473 1051 totam
483 1005 507 1051 in
520 1020 547 1052 eo
558 1005 672 1056 volumine
686 1018 756 1065 expo·

80 1066 163 1120 suerit,
176 1082 220 1127 quo
231 1069 374 1131 magistratus
385 1068 481 1117 ornavit.
504 1068 576 1118 Nulla
587 1070 647 1117 euim
657 1069 702 1123 lex,
715 1083 757 1115 no·

80 1146 132 1191 que
140 1145 193 1192 pax,
205 1146 278 1193 nepus
287 1134 377 1187 bellum,
389 1148 462 1193 neque
477 1148 514 1180 res
527 1134 621 1180 illustris
632 1141 667 1179 eat
678 1132 756 1194 populi

80 1194 193 1247 Romani,
207 1211 257 1256 quae
268 1198 348 1243 nonin
359 1212 394 1251 eo.
407 1212 448 1243 suo
459 1204 567 1259 tempore,
579 1198 609 1243 sit
623 1203 713 1243 nomm
732 1203 757 1246 et

80 1260 160 1323 (quod
169 1260 322 1307 difficllbmum
332 1259 386 1321 fuit)
398 1262 430 1308 sle
439 1261 573 1319 familiarum
584 1260 694 1324 origInem
702 1260 755 1305 sub-

80 1324 167 1377 texuit,
178 1331 205 1370 ut
215 1339 243 1371 ex
254 1340 281 1372 eo
295 1326 406 1372 clarorum
421 1326 521 1386 vitorum
534 1326 668 1387 prcpmines
682 1324 761 1386 possis.

80 1404 137 1437 mus
145 1403 290 1451 cognoscere.
310 1388 376 1437 Fecit
384 1390 427 1435 hoo
437 1390 498 1437 idem
508 1390 626 1452 separatim
633 1390 658 1435 in
667 1388 716 1437 aliis
726 1388 755 1435 ii·

78 1454 143 1511 bri83
163 1461 195 1507 ut,
208 1452 244 1500 M.
255 1452 322 1501 Bruti
333 1461 421 1529 rogatu.
433 1454 526 1503 Juuiam
535 1454 649 1508 amittam,
660 1470 675 1501 a
685 1454 755 1516 stirpe

80 1519 113 1567 sal
128 1520 187 1565 banc
203 1525 299 1573 etatem.
317 1518 395 1567 ordine
408 1520 554 1577 enumeravit,
570 1527 659 1572 notans,
677 1519 722 1580 qui,
739 1534 755 1567 a

79 1599 129 1645 quo
146 1591 217 1637 onus,
231 1599 290 1644 quos
304 1584 407 1638 bonores,
422 1585 545 1645 quibusque
556 1584 700 1646 temporibus,
716 1600 754 1631 cc-

60 1649 166 1711 'qn'ssetr
186 1648 234 1709 pari
248 1648 323 1702 modo,
340 1648 444 1695 Marcelli
461 1646 558 1702 Claudib
576 1648 753 1705 Marcellorum

80 1712 196 1775 Scipionis
205 1711 313 1767 Cornelia
322 1719 345 1759 et
353 1712 416 1759 Fabii
425 1712 530 1769 Maxim,
540 1712 668 1765 Famosum,
677 1719 700 1757 et
708 1712 753 1758 Ε,-

79 1778 197 1825 miliorum
208 1792 304 1837 quoque.
324 1776 412 1831 Quibus
422 1778 483 1826 libris
494 1777 549 1823 nihil
558 1783 634 1839 potest
642 1791 693 1823 esse
703 1776 755 1823 dut·
777 1816 781 1830 ,

79 1844 132 1891 cius
140 1843 175 1895 iis,
185 1842 224 1902 qui
235 1842 330 1903 aliquam
341 1842 484 1903 cupiditatem
491 1843 574 1889 habent
583 1841 669 1888 notitiae
680 1841 758 1893 claro,

80 1922 133 1965 rum
142 1907 250 1954 virorum.
272 1906 358 1969 attigit
365 1922 454 1968 quoque
461 1906 578 1969 po'c'ticem
592 1906 711 1960 credimus,
723 1921 758 1965 ne,

80 1973 130 2035 ejus
142 1986 223 2033 erpere
233 1980 293 2019 esset
301 1972 428 2020 suavitatis:
443 1987 540 2033 namque
547 1971 655 2025 vetulum,
664 1972 703 2032 qui
710 1972 753 2017 ho-

81 2052 138 2086 nore
150 2052 268 2097 rerumque
278 2044 392 2099 gestarum
402 2037 547 2099 amplitudine
561 2042 655 2084 caeteros
664 2034 755 2082 Roma·

79 2101 753 2228 Ilt’tllatlttlt‘ttgttttttlttt

306 2196 313 2221 1

82 2231 179 2293 amplius
197 2231 310 2292 quaternis
331 2228 457 2295 quinis[ve]
476 2231 577 2279 versibus
592 2230 748 2293 descripserit:
801 2233 821 2296 .-

82 2295 144 2357 quod
154 2296 194 2342 vlit
204 2295 338 2343 credendum
352 2296 387 2349 sit,
400 2303 474 2342 tantas
488 2312 524 2343 res
538 2303 585 2341 tam
598 2296 696 2352 breviter
709 2311 751 2356 po-

81 2361 153 2407 tuisse
162 2360 275 2407 declarari.
297 2360 343 2407 Est
353 2360 419 2407 aiam
429 2360 484 2407 liber
496 2362 579 2408 Graece
588 2358 711 2411 confectus,
723 2357 752 2403 de

82 2425 202 2481 mansuetu
214 2424 337 2472 CiceronIs·

115 2488 244 2543 Hactenus,
256 2488 334 2536 Attico
345 2488 405 2543 vivo,
417 2488 477 2535 edita
486 2489 536 2535 lraec
546 2485 634 2534 anobis
644 2491 705 2536 sunt.

115 2552 189 2599 XIX.
209 2552 285 2607 Nunc.
302 2553 406 2614 quonlam
421 2552 524 2601 Fortuna
537 2566 580 2597 nos
590 2548 751 2609 superstitesei

9 2650 13 2661 ·
83 2618 657 2687 urereturreliquapeuequeuurtetoqtum
667 2614 761 2677 poert-‚t
