1859 2917
306 134 352 185 iv.
368 128 573 187 Pausanias
740 140 770 186 rr

90 268 172 333 eoepii,
183 276 208 317 et
221 270 307 331 majora
322 266 486 329 oonurpiroere·
523 262 569 311 aea
583 263 681 327 primum
695 264 720 313 iu
736 278 765 315 eo

91 344 131 383 esi
150 331 305 396 reprehensus,
326 332 386 393 quod
405 344 434 378 ex
450 327 528 391 praedi
545 330 655 391 tripodem
673 341 765 378 aureum

92 400 195 461 Delphis
210 399 328 460 posuisset,
344 397 504 457 epigrammate
520 394 610 455 scripio,
625 396 647 440 in
661 410 705 455 quo
718 404 767 442 emi

92 466 148 511 liaeo
165 463 287 519 sententia3
306 461 381 507 “Suo
396 460 465 506 ductu
479 459 585 504 barbaros
598 459 656 521 apud
667 459 765 507 Plataea

92 542 147 576 esse
162 528 252 579 deletos,
269 528 360 588 ejusque
376 524 476 571 victoriae
491 538 548 585 ergo
565 523 665 585 Apollini
681 524 766 571 donum
813 506 816 521 ¹

94 591 210 640 dedisse.”
238 590 292 637 Hos
306 604 384 637 versus
399 588 566 635 iaeedmoui
580 589 764 649 exsculpseruut3

94 672 170 720 neque
186 656 246 703 aliud
262 655 403 716 scripserunt,
418 667 484 714 quam
495 652 588 699 aomina
600 668 676 699 earum
687 654 766 700 ovim

6 770 43 785 Η
93 730 152 775 ium,
166 734 259 783 quarum
268 720 351 766 auxilio
362 717 439 765 Persae
449 724 513 763 eraut
523 717 585 762 vieti.

125 785 160 833 11.
184 786 241 833 Post
257 785 280 830 id
297 784 408 845 proeium,
428 782 532 828 eumdem
548 779 691 834 Pausaniam,
707 796 760 827 oum

92 852 168 899 alasse
185 850 305 901 communi,
324 846 425 909 Cyprum
443 854 511 905 utque
529 844 703 907 Hellespontum
722 847 765 891 mi-

89 923 177 969 seruut,
192 923 219 961 ut
228 928 257 961 ex
269 914 303 959 his
314 913 441 975 regionibus
453 911 596 957 barbaronrm
607 909 709 971 praesidia
719 910 768 956 rie-

94 982 197 1045 pelleret·
234 978 287 1025 Pari
307 977 413 1023 ielicitate
430 976 454 1021 in
474 974 501 1021 ei
515 990 541 1021 re
561 988 623 1027 usus,
642 974 721 1020 elatius
742 987 767 1021 ae

94 1060 176 1109 gerere
190 1044 266 1105 erepit,
282 1044 421 1105 majoresque
436 1047 541 1101 appetere
556 1050 599 1084 res.
626 1037 688 1085 Nam
703 1052 763 1091 oum,

95 1110 215 1172 Byzantio
233 1114 369 1169 expugnato,
388 1106 483 1167 cepisset
501 1102 627 1165 complures
644 1101 765 1149 Persarum

95 1176 190 1227 nobiles,
205 1180 272 1233 atque
281 1172 304 1217 iri
315 1171 350 1217 his
361 1170 481 1217 nonnullos
491 1168 552 1229 regis
561 1168 705 1229 propinquos,
722 1168 765 1213 hos

94 1240 155 1287 olam
175 1238 248 1284 Xerxi
266 1237 350 1283 remisit
370 1234 495 1299 (moronus,
513 1245 543 1279 er
558 1231 654 1278 vinculis
671 1231 765 1292 publicio

93 1300 221 1366 effugisse),
238 1309 262 1348 et
277 1315 329 1347 oum
343 1301 378 1347 his
391 1297 533 1359 Gongylum,
548 1294 709 1347 Eretriam,
727 1295 766 1355 qui

94 1371 172 1417 literas
192 1368 240 1429 regi
257 1366 364 1419 redderet,
387 1365 410 1410 in
428 1363 507 1423 quibus
525 1362 574 1407 haec
593 1359 662 1405 fuisso
683 1360 766 1420 scripta

96 1430 243 1495 Thucydides
260 1430 375 1477 memoriae
396 1426 500 1490 prodidit.
536 1432 553 1455 “
568 1424 698 1477 Pausanias,
718 1423 765 1469 dux

96 1500 192 1561 Spartae,
204 1511 262 1557 quos
272 1494 380 1555 Byzantii
391 1498 486 1553 ceperat,
498 1496 615 1552 postquam
626 1488 764 1551 propinquos

95 1566 149 1611 iuua
160 1561 275 1624 coguovit,
285 1556 324 1605 tibi
334 1558 421 1605 muneri
431 1556 506 1613 misii;
523 1567 591 1615 seque
605 1560 678 1599 tecum
693 1552 767 1598 ailim-
851 1551 855 1565 ¹

97 1636 145 1675 iaie
162 1626 269 1689 coniungi
287 1624 362 1685 cupit:
383 1636 457 1683 quare,
479 1620 498 1665 si
516 1620 555 1665 tibi
572 1617 666 1670 uidetur,
686 1615 725 1662 dea
743 1616 766 1663 el

97 1694 167 1741 filiam
183 1699 245 1737 tuam
262 1697 364 1750 nuptum.
398 1684 427 1732 Id
441 1686 460 1731 si
472 1684 558 1737 iocaris,
575 1689 599 1729 ei
614 1682 724 1743 Spartam,
742 1686 767 1726 et

98 1765 205 1805 oaetaram
222 1754 342 1807 Graeciam,
361 1750 402 1799 rub
420 1757 482 1797 tuam
502 1754 636 1809 ponarium
653 1758 685 1797 ae,
703 1744 767 1808 adju·

97 1830 168 1871 rante
185 1829 216 1873 te,
235 1818 376 1865 rodanum
393 1815 519 1878 polliootur.
553 1811 600 1857 Hir
618 1808 647 1855 de
665 1809 730 1856 rebus
746 1809 766 1855 si

99 1888 154 1951 quid
169 1885 218 1950 geri
234 1884 338 1937 volueris.
357 1888 442 1928 eertum
454 1877 568 1923 homiuem
582 1875 611 1921 ad
623 1884 675 1920 eum
689 1874 767 1919 mitras

98 1954 156 2007 iace,
179 1963 232 1997 oum
253 1962 298 2009 quo
317 1940 483 2007 ooiloquatur.”
515 1941 576 1994 Rex,
596 1946 631 1986 tot
648 1937 766 1985 homiuum

100 2020 183 2071 salute,
197 2022 244 2061 tam
259 2014 300 2061 sibi
314 2010 496 2061 necessariorum,
513 2015 650 2069 magnopere
665 2004 765 2065 gavisus,

99 2082 219 2131 ooalestim
240 2089 292 2125 oum
313 2072 407 2137 epistola
428 2073 568 2119 Artabazum
589 2070 617 2116 ad
632 2065 766 2114 Pausaniam

101 2148 185 2203 mistim
197 2146 220 2190 iu
229 2137 331 2204 quirum
340 2138 456 2190 collaudat,
466 2136 561 2197 aopeiit,
571 2148 600 2181 ne
607 2133 643 2179 cui
651 2132 682 2179 rei
690 2136 768 2193 parcat

101 2214 129 2261 ul
144 2226 171 2258 aa
185 2207 325 2271 perficienda,
337 2216 388 2265 quae
401 2200 529 2265 pollicetur!
548 2200 567 2245 si
582 2197 666 2250 isuadi,
684 2190 767 2242 nulllus

102 2276 134 2325 rei
145 2292 158 2323 a
168 2290 193 2321 se
203 2273 313 2335 repulsam
324 2272 428 2317 laturum.
463 2262 542 2327 Hujus
552 2258 675 2309 Pausanias
684 2262 767 2307 volun·

103 2348 150 2390 iaie
160 2335 258 2401 cognita
269 2336 363 2383 alacrim
373 2334 401 2381 ad
411 2346 458 2379 rem
469 2329 589 2392 gmeudam
601 2327 682 2379 iaetus,
694 2326 717 2369 in
729 2336 767 2368 su-

103 2406 225 2469 spicionem
242 2394 322 2449 cecidit
337 2392 567 2446 hoedaemouiomm.
599 2390 629 2438 ln
645 2400 689 2451 quo
705 2386 767 2431 iacto

103 2472 195 2519 domuin
204 2466 328 2519 roiooaius,
337 2466 455 2511 aecusatus
506 2458 550 2511 itis,
562 2454 683 2503 absolvitur
689 2468 697 2508 ς
708 2446 768 2495 mul-

103 2543 163 2585 tatur
177 2540 253 2579 tanim
269 2526 374 2593 peronii:
396 2538 462 2589 quam
479 2537 495 2570 o
525 2533 615 2567 musam
629 2515 658 2563 ati
673 2515 768 2561 masau

102 2600 208 2649 reomaus
218 2608 264 2643 non
274 2601 316 2641 aaa

108 2700 112 2707 .
133 2660 187 2713 ·111.
208 2660 242 2708 At
252 2654 297 2715 ills,
313 2665 365 2721 posi
377 2668 422 2703 uon
433 2653 512 2704 multo,
524 2646 655 2756 wipponis
666 2644 694 2690 ai
703 2653 769 2690 exer-

270 2728 277 2734 '
530 2727 543 2757 c
561 2721 566 2755 :
