1859 2917
185 112 239 161 ‘no
264 108 355 161 xxv.
373 110 405 161 r.
417 77 623 162 eonnomus
637 106 798 160 Ararene

220 240 279 290 XV.
298 242 444 290 Mendacium
458 239 639 305 neque'dioebat,
654 254 729 301 neqaoe
737 238 785 301 pati
794 241 861 298 pote·

187 316 229 355 rat.
250 306 330 369 Itaque
340 310 388 370 ejus
399 308 494 354 comitae
504 322 551 353 non
560 308 610 353 aine
620 306 741 352 severitate
750 310 807 355 erat,
819 316 859 347 ne-

187 388 231 433 que
247 373 345 435 gravitas
362 372 410 420 cine
424 372 547 429 facilitate,
569 379 595 417 ut
610 370 701 416 difficile
715 375 777 415 meet
792 366 859 413 intel-

80 486 83 503 ,
185 438 254 491 lectu,
272 445 347 483 utrum
363 451 415 483 eum
432 438 498 483 amici
511 437 586 498 magis
599 441 738 486 vererentur,
754 447 784 478 an
797 445 858 477 ama-

185 510 244 549 rent.
280 501 396 561 Quidquid
418 503 546 563 rogabatur,
569 500 674 561 religiose
694 496 856 560 promittebat3

187 566 248 627 quod
264 580 309 611 non
325 566 427 619 liberulis,
443 566 483 611 aed
498 566 561 618 levia,
578 565 731 615 ubinebetur,
748 559 856 622 polliceri,

186 631 247 693 quod
261 640 368 692 praestare
384 644 430 676 non
445 637 530 691 posset,
557 627 621 675 Idem
636 629 661 674 in
676 626 779 678 nitendo,
797 623 857 685 quod

186 697 256 742 semel
270 695 390 748 annuisset,
406 693 469 740 tanti
482 700 531 741 erat
545 692 606 747 curi,
617 700 644 739 ut
658 706 706 737 non
718 690 855 741 mandatam,

185 761 225 807 aed
240 774 310 814 auam,
327 774 374 805 rem
389 759 502 805 videretur
516 772 591 820 agere.
617 757 744 817 Nunquam
759 752 857 815 suscepti

185 825 271 887 negotii
285 840 337 871 eum
351 830 471 884 pertaesum
486 828 535 869 este
556 836 620 869 auam
634 822 694 867 enim
707 819 856 866 existimatio·

185 904 237 935 nem
253 889 276 935 in
291 886 317 935 ei
331 902 356 934 re
368 888 406 949 agi
420 888 527 949 putabat,
543 884 587 947 qui
601 886 657 934 nihil
671 886 766 931 habebrn
777 884 857 931 cariuc.

186 953 241 1005 Quo
257 952 329 1005 tiebat,
346 958 372 998 ut
389 952 464 998 omnia
481 950 625 1011 Ciceronum,
643 949 746 1003 Catonia,
765 946 856 1010 [Marii

186 1016 233 1081 Q]
253 1015 379 1070 Hortensii,
399 1016 454 1062 Auli
469 1015 588 1075 Torquati,
607 1016 730 1061 multorum
747 1020 857 1075 praeterea

185 1082 283 1142 equitum
293 1081 455 1134 Romanorum,
465 1081 557 1142 negotia
564 1087 700 1143 procuraret
719 1078 761 1125 Ex
768 1094 816 1138 quo
818 1079 857 1140 ju-

185 1146 252 1193 dicari
262 1154 356 1207 poterat,
368 1160 414 1192 non
424 1142 511 1198 inertii,
523 1144 563 1192 aed
573 1145 667 1208 judicio,
677 1144 767 1207 fugisse
782 1144 855 1205 πέρυ-

184 1211 249 1257 blicae
258 1212 445 1273 procurationem.

219 1274 290 1322 xvi.
308 1275 463 1322 Humanitatis
473 1290 528 1321 rero
538 1274 625 1321 nullum
635 1272 715 1321 afferre
724 1276 801 1336 majam
810 1278 857 1320 tet·
918 1329 919 1332 Ἰ

175 1340 304 1387 ·timonium
318 1354 417 1400 possum,
433 1354 500 1399 quam
515 1340 576 1400 quod
589 1340 718 1391 adolercena
733 1338 795 1384 idem
808 1338 856 1385 aeni
918 1381 919 1394 ,

187 1403 257 1451 Sullae
274 1402 342 1449 fuerit
358 1405 542 1465 jucundissimua,
565 1419 634 1451 senex
655 1403 794 1467 adolescenti
816 1402 853 1450 M.
918 1405 919 1426 ¹

175 1466 274 1524 ·Bruto;
291 1482 342 1513 cum
354 1468 475 1528 aequalibus
485 1466 560 1515 eutem
571 1470 625 1521 auis,
642 1468 676 1521 Q.
690 1467 820 1514 Hortensio
834 1473 858 1514 et

185 1530 222 1579 M.
232 1530 349 1585 Cicerone,
362 1533 394 1579 sic
408 1534 498 1586 vixerit,
513 1541 539 1579 ut
548 1533 649 1595 judicare
664 1532 755 1578 difficile
769 1533 808 1585 ait,
820 1532 856 1579 cui

185 1597 248 1643 aetati
256 1594 323 1643 fuerit
334 1598 475 1659 aptissimus:
492 1612 627 1659 quamquam
637 1612 689 1644 eum
699 1597 816 1659 praecipue
823 1597 857 1643 di·

183 1661 240 1708 lexit
256 1659 344 1715 Cicero,
361 1670 387 1709 ut
401 1676 430 1709 ne
441 1663 514 1709 irater
526 1662 615 1723 quidem
630 1662 651 1709 ei
667 1660 770 1715 Quintua
785 1661 856 1709 carior

183 1726 259 1780 fuerit,
271 1734 310 1773 eut
319 1726 454 1774 familiarior.
473 1726 504 1773 Ei
515 1727 547 1772 rei
557 1733 611 1773 aunt
620 1726 709 1781 indicio,
721 1732 808 1787 praeter
817 1740 856 1773 eoa

94 1786 102 1795 '
182 1791 259 1845 libror,
271 1793 294 1838 in
305 1793 384 1853 quibua
394 1793 422 1838 de
430 1808 457 1839 eo
467 1791 521 1838 iacit
530 1791 674 1844 mentionem,
686 1791 726 1851 qui
736 1791 761 1836 in
771 1791 857 1853 virique

170 1888 172 1893 ,
185 1852 258 1919 [jim]
270 1864 323 1903 aunt
333 1857 394 1911 editi,
407 1857 518 1903 sexdecim
532 1856 649 1902 volumina
661 1856 817 1917 epistolarum,
829 1856 857 1901 ab

141 1954 144 1961 .
185 1921 303 1967 consulatu
318 1922 366 1983 ejus
378 1936 453 1982 usque
467 1921 495 1967 od
510 1927 635 1967 extrenrum
648 1927 739 1982 tempos
753 1920 783 1966 ad
795 1920 857 1967 Atti-

185 1998 237 2029 cum
248 1984 378 2033 minearum:
394 2002 446 2047 quae
456 1986 494 2046 qui
503 1986 572 2048 legat,
584 1999 630 2031 non
638 1987 736 2031 multum
744 1984 856 2032 decideret

183 2048 299 2095 historiam
315 2058 443 2097 contextam
458 2051 548 2097 illorum
566 2056 701 2112 tmporum.
735 2050 774 2096 Sic
795 2050 854 2097 enim

184 2114 260 2160 omnia
274 2114 303 2161 de
318 2116 395 2162 studiis
407 2116 540 2178 principum,
550 2114 612 2161 vitiis
622 2115 712 2168 ducum,
723 2113 856 2161 mutationi·

171 2177 225 2223 ·bua
236 2178 367 2241 reipublicae,
379 2181 500 2242 peracripta
511 2187 571 2234 nunt,
583 2187 609 2225 ut
618 2180 674 2225 nihil
683 2180 707 2224 in
718 2179 746 2225 iia
756 2194 806 2225 non
816 2194 854 2241 ap·

164 2244 275 2303 ·pareatj
292 2253 315 2289 et
326 2244 392 2290 iacile
407 2244 529 2291 existimari
544 2245 622 2306 poscit,
639 2243 781 2306 prudentiam
798 2258 855 2305 quo·
915 2263 916 2272 ¹

165 2330 170 2337 ·
184 2306 304 2353 dammodo
314 2323 363 2353 esse
373 2307 545 2355 divinationem:
563 2323 609 2354 non
619 2310 680 2355 eninr
688 2306 771 2355 Cicero
782 2323 811 2355 ee
819 2323 855 2355 ro·

164 2394 167 2399 ·
183 2370 238 2423 lum,
257 2386 308 2430 quae
321 2373 374 2418 vivo
391 2387 416 2417 ae
432 2373 568 2426 acciderunt,
582 2367 659 2419 futura
674 2373 795 2433 praedixitj
816 2371 854 2420 aed

184 2434 258 2487 etiarm
271 2450 323 2493 qaue
333 2450 393 2481 nunc
404 2451 446 2483 uau
456 2436 557 2488 veniunt,
569 2438 657 2490 cecinit,
669 2444 695 2482 ut
705 2444 777 2483 vata.

163 2508 166 2518 ¹
217 2497 303 2545 xvii.
317 2498 356 2545 De
364 2500 528 2560 pietatenutem
536 2500 610 2547 Attici
618 2501 853 2563 quidpluraeomme·

182 2561 288 2607 man?
303 2576 355 2609 eum
366 2564 409 2611 hoc
419 2563 493 2623 ipsum
503 2578 558 2611 vere
566 2565 701 2626 gloriantem
712 2565 853 2612 audierimin

183 2620 262 2669 funere
272 2626 350 2673 metris
360 2640 415 2682 aure,
428 2642 494 2687 quam
504 2628 585 2676 extulit
596 2644 705 2677 annorum
720 2630 854 2693 nonaginta
