1859 2917
184 484 700 585 noMP0u11Mnnin',

236 796 391 871 SITU
429 796 647 884 ORBIS,

337 972 435 1023 LIBRI
450 972 547 1022 Tune

337 1252 547 1302 PROOEMIUM·
611 1260 616 1304 ζ

139 1380 217 1429 Omns
237 1380 310 1429 Situm
331 1382 404 1429 dicere
420 1381 547 1445 aggredior,
563 1379 694 1441 impeditum
711 1393 775 1441 opus,

104 1454 129 1494 et
139 1445 250 1492 facundiae
261 1448 352 1493 minime
366 1462 436 1509 capax
443 1465 450 1505 ;
469 1448 570 1510 (constat
583 1446 643 1491 enim
657 1443 704 1491 sere
717 1459 775 1505 gen-

105 1512 164 1557 tium
175 1511 319 1572 locorumque
330 1512 462 1565 nominibus,
476 1517 500 1557 ct
513 1525 590 1557 corum
605 1509 711 1571 perplexo
723 1509 776 1554 satia

105 1576 193 1628 ordine,
206 1591 271 1636 quem
282 1578 391 1637 persequi,
404 1576 473 1637 longa
483 1582 518 1622 est
525 1575 598 1636 magis
606 1589 671 1634 quam
679 1572 777 1634 benignu

105 1636 211 1699 materia)
227 1655 305 1686 verum
320 1640 402 1703 adspici
417 1648 494 1687 tamen
508 1639 658 1701 cognoscique
672 1638 778 1699 dignissi-

105 1719 185 1762 mum;
206 1712 229 1750 et
245 1706 312 1765 quod,
329 1706 348 1751 si
364 1721 410 1751 non
427 1721 470 1766 ope
483 1704 567 1766 ingenii
584 1702 676 1754 orantis,
692 1709 715 1746 at
728 1698 777 1762 ipsi

106 1770 142 1815 sui
155 1770 348 1830 contemplatione,
362 1770 458 1832 pretium
474 1784 548 1831 operae
562 1766 723 1813 attendentium
738 1766 778 1811 aba

104 1834 186 1880 solvat.
206 1832 289 1880 Dicam
302 1831 399 1899 [nutem]
411 1836 465 1880 alias
475 1835 539 1895 plura
549 1839 573 1879 et
583 1831 697 1888 exactius;
714 1844 775 1877 nunc

106 1907 191 1951 autem,
204 1905 229 1943 ut
244 1913 338 1958 quaeque
353 1906 419 1945 erunt
432 1898 561 1950 clarissima,
576 1904 599 1943 et
613 1896 715 1941 strictim.
740 1894 777 1941 Ae

106 1964 180 2025 primo
197 1962 286 2023 quidem
302 1978 353 2023 quae
368 1964 397 2009 sit
415 1963 489 2009 forma
506 1962 584 2014 totius,
601 1976 653 2021 quae
671 1959 777 2007 maxima

105 2034 189 2090 partes,
202 2042 247 2087 quo
263 2027 358 2089 singulae
371 2029 439 2074 modo
451 2027 502 2080 sint,
515 2035 581 2086 atque
591 2025 724 2078 habitentur,
737 2039 777 2071 ex-

105 2092 211 2153 pediam
234 2090 314 2137 deinde
333 2108 409 2139 rursus
429 2108 479 2139 oras
499 2091 598 2137 omnium
618 2098 641 2135 ct
658 2090 730 2142 litora,
751 2095 777 2135 ut

105 2156 165 2202 intra
176 2163 283 2216 extraque
298 2164 357 2210 sunt,
374 2165 440 2217 atque
454 2164 481 2202 ut
495 2172 522 2202 ca
536 2156 595 2202 subit
610 2170 636 2201 ac
652 2154 779 2200 circumluit

107 2220 208 2283 Pelagus
215 2238 222 2278 ;
240 2220 319 2267 additis
331 2237 380 2282 quae
391 2222 415 2267 in
426 2219 505 2267 naturai
515 2221 632 2282 regionum
644 2220 779 2265 incolaruma

107 2301 150 2347 que
170 2286 315 2332 memoranda
334 2294 392 2332 sunt.
423 2284 451 2331 Id
470 2301 515 2347 quo
533 2285 619 2331 facilius
638 2285 689 2330 sciri
707 2282 783 2344 possit

106 2360 175 2413 atque
185 2350 264 2413 accipi,
275 2352 341 2414 paulo
352 2352 418 2399 ultius
429 2366 517 2397 summa
527 2357 646 2412 repetetur.
