1859 2917
160 146 196 191 10
417 136 449 186 V.
467 136 587 187 elmon,

166 272 213 320 Del
222 266 330 333 Delphici
344 280 451 331 responso
469 276 553 322 emtus,
569 274 637 329 atque
645 266 726 314 οοιὶωι
736 267 790 313 loco
801 282 841 314 ss-
929 278 930 301 t

167 338 250 401 pultus,
262 336 299 384 ubi
310 336 379 382 vitam
387 341 499 395 posuerat.

380 607 420 675 V.
452 606 618 675 CIMON.

198 778 220 827 1.
240 779 334 834 Craton,
350 779 460 826 Miltiadis
475 778 540 832 lilius,
553 777 705 830 Atheniensis,
722 777 779 823 duro
795 774 842 823 ad·

166 844 258 892 modum
266 845 329 891 initio
338 858 391 891 usus
402 850 437 890 est
447 843 617 890 adolescentiori
636 857 695 894 nam,
710 854 761 888 cum
772 849 842 903 pater

167 911 216 971 ejus
226 909 287 954 litem
296 908 428 954 aestimatam
438 908 521 969 populo
529 908 615 954 solvere
626 920 672 952 non
681 907 799 967 potuisset,
807 907 843 951 ob

169 972 596 1096 nuuuuumuu
606 969 842 1097 mindun

492 1071 501 1093 7

171 1101 239 1154 sibus,
251 1100 322 1147 emitti
332 1107 426 1163 poterat,
439 1101 482 1146 nisi
492 1101 616 1161 pecuniam,
629 1098 673 1161 qud
682 1106 746 1161 pater
754 1099 840 1145 multa.-

171 1172 208 1212 tus
218 1172 284 1219 osset,
299 1165 408 1212 solvisset.
444 1163 549 1211 Habebat
563 1173 638 1212 autem
654 1165 678 1209 in
693 1163 842 1211 matrimonio

171 1244 271 1277 sororem
289 1244 419 1292 germanam
436 1244 507 1283 suam,
523 1232 615 1277 nomine
631 1228 766 1292 Elpinicen
789 1242 840 1274 non

171 1296 243 1356 magis
251 1309 333 1348 amore,
341 1308 408 1353 quam
414 1308 485 1348 more,
493 1294 586 1341 ductus:
600 1309 653 1341 uam
660 1292 841 1340 Atheniensibus

171 1359 223 1405 licet
235 1358 313 1405 codem
327 1366 391 1419 patre
401 1364 465 1405 natas
476 1374 557 1406 uxores
567 1360 655 1406 ducato
690 1357 768 1421 Hujus
780 1372 841 1403 con-

167 1422 227 1485 jugii
245 1422 337 1484 cupidus
358 1420 442 1470 Calliss
463 1424 559 1483 quidam,
580 1438 626 1470 non
645 1430 691 1470 tam
712 1435 840 1485 generosus

170 1493 236 1547 quam
244 1487 384 1548 pecuniosus,
394 1489 432 1549 qui
440 1501 534 1551 magnas
544 1489 648 1550 pecunias
657 1502 686 1535 ax
695 1487 792 1535 metallis
801 1487 840 1535 i'o·

172 1559 239 1603 cerat,
257 1552 304 1612 egit
315 1566 367 1597 cum
380 1550 485 1606 Cimone,
497 1561 523 1599 ut
533 1568 582 1599 eam
597 1554 638 1599 sibi
652 1567 745 1599 uxorem
756 1552 835 1600 dares:

170 1616 194 1662 id
205 1614 378 1677 siimpetrisset,
392 1632 464 1679 sepro
474 1618 514 1663 illo
521 1619 637 1678 pecuniam
648 1617 780 1665 soluturum·
810 1615 838 1663 Is

170 1695 221 1727 oum
233 1680 300 1727 talem
311 1681 461 1728 conditionem
473 1683 647 1743 adspernaretur,
656 1681 759 1742 Elpinice
766 1696 839 1743 nego-

87 1786 88 1789 ,
169 1746 204 1793 rit
214 1760 239 1792 se
249 1760 363 1807 passuram
378 1746 489 1793 Miltiadis
502 1747 633 1808 progeniem
649 1746 673 1791 in
689 1745 785 1792 vinculis
795 1762 839 1807 pu-

169 1810 233 1856 blicis
242 1810 339 1864 interire⁴
349 1811 454 1871 quoniam
463 1812 672 1873 prohibereposset;
683 1826 751 1871 satius
758 1809 838 1859 Calliae

139 1912 142 1917 “
171 1876 837 1994 ”“ὓῗῗωώ”;ᾒὲ“ζέᾉῗῑι“ἦ“ἐὲὧ“ἒιῖἱῗωωω

169 2002 198 2049 td
211 2002 358 2063 principatum
375 2005 484 2065 pervenit.
521 2004 624 2053 Habebat
640 2005 700 2051 enim
717 2005 770 2051 satis
788 2006 837 2053 elo-

170 2066 275 2128 quantiaa‚
288 2080 398 2114 summam
408 2068 568 2124 liberalitatem,
580 2084 685 2132 magnam
696 2070 837 2131 prudentiam

170 2146 222 2177 oum
229 2130 287 2192 juris
298 2132 375 2190 civilis,
389 2140 437 2179 turn
449 2134 481 2180 rei
488 2134 596 2189 militaris,
608 2135 668 2196 quod
678 2150 730 2181 cum
740 2142 811 2197 patro
821 2152 838 2185 a

170 2210 247 2257 puero,
260 2195 283 2241 in
295 2197 427 2243 exercitibus
437 2198 511 2245 fuerat
521 2207 630 2246 versatus·
666 2197 745 2260 Itaque
760 2200 796 2247 hic
812 2209 838 2249 at

169 2260 277 2323 populum
286 2262 394 2308 urbanum
402 2262 425 2307 in
437 2262 478 2309 sud
489 2265 561 2310 tenuit
570 2270 686 2325 potestate,
699 2272 722 2311 et
729 2264 787 2326 apud
795 2273 838 2315 ex·

171 2324 264 2371 ercitum
276 2326 396 2387 plurimum
407 2328 478 2374 valuit
487 2329 624 2375 auctoritate.
652 2328 753 2375 Primum
765 2329 836 2391 impa-

170 2396 231 2435 ratos
241 2390 300 2451 'apud
310 2390 394 2437 flumen
402 2392 524 2453 Strymona
535 2406 628 2454 magnas
638 2393 714 2454 copias
721 2392 835 2441 turnum

169 2452 270 2514 hrgarits
288 2456 392 2516 oppidum
401 2456 555 2518 Amphipolim
565 2456 698 2513 constituit;
714 2472 787 2518 eoque
796 2458 836 2505 da·

169 2530 219 2562 cem
234 2518 302 2565 millia
315 2520 488 2566 Atheniensium
503 2521 527 2566 in
541 2520 651 2567 coloniam
667 2520 735 2568 misit.
770 2519 834 2569 ldem

168 2580 257 2633 lterum,
269 2582 328 2644 apud
339 2583 454 2645 Mycalen,
468 2583 603 2646 Cypriorum
615 2590 640 2631 at
647 2584 782 2633 Pboenicum
792 2585 834 2631 dra-

169 2649 284 2691 eaatsrum
296 2647 386 2695 nmium
397 2647 491 2698 classem
502 2648 613 2699 devictam
623 2649 695 2714 oepit:
713 2649 837 2710 eadamque
