1859 2917
10 38 12 131 t

168 102 201 165 tn
428 102 460 165 n.
480 108 577 168 niort.

172 240 507 309 meaedeeetquomm
520 248 647 304 maderent,
662 247 768 308 timeret3
785 248 844 299 cns

174 310 262 359 licrates
276 312 372 372 quidam,
388 312 443 360 ciris
454 311 607 367 Atheniensis,
624 314 662 375 qui
673 313 740 360 simul
749 329 804 361 cum
814 331 846 363 ee

173 392 203 425 ex
214 374 370 439 Peloponneso
383 377 407 423 in
423 377 521 425 Siciliam
535 385 635 432 venerat,
653 380 739 443 (homo
753 386 779 426 et
794 380 843 426 cal

172 436 239 496 lidus,
248 448 272 487 et
281 442 309 489 ad
318 440 418 489 fraudem
426 450 513 497 acutus,
525 443 574 489 sine
581 441 628 492 ulli
634 443 778 506 religioncae
785 442 841 504 fide)

173 506 219 555 edit
235 504 263 552 ad
278 505 385 561 Dionem,
404 513 427 553 et
443 508 488 555 aitz
507 523 558 554 eum
576 504 623 572 [in]
640 521 725 570 magno·
740 509 844 570 periculo

173 586 224 619 esse
237 576 328 632 propter
342 569 488 619 offensionem
501 573 585 634 populi,
600 580 624 619 et
638 573 713 619 odium
728 573 843 630 militum}

174 634 236 695 quod
250 635 311 681 nullo
328 636 396 683 modo
410 637 494 683 evitare
508 643 593 698 posset,
609 638 651 683 nisi
666 637 732 683 alicui
748 652 843 684 suorum

173 700 290 763 negotium
301 701 369 754 daret,
382 702 420 761 qui
431 716 456 748 se
466 702 580 748 simularet
589 702 622 747 illi
631 702 760 749 inimicum:
774 718 843 763 quesn

173 764 193 811 si
204 766 326 813 invenisset
335 766 447 819 idoneum,
456 765 522 813 facile
531 765 631 813 omnium
639 767 727 813 annnos
735 767 843 829 cognitu-

173 842 231 882 rum,
249 830 430 891 adversariosque
449 831 594 885 sublaturum,
614 831 674 892 quod
691 831 776 879 inimici
792 832 842 894 ejus

160 894 287 941 ,dissidenti
301 910 353 942 suos
369 910 447 942 sensim
461 895 559 957 aperturi
573 894 655 943 forent.
683 894 736 943 Tali
745 896 842 943 oonsilio

172 960 272 1021 probato,
284 958 371 1021 excepit
385 960 425 1005 has
435 968 511 1021 partes
522 960 570 1021 ipse
581 959 718 1014 Callicrates,
734 968 795 1009 etse
804 976 842 1007 ar-

172 1030 221 1070 mat
235 1021 382 1086 imprudentid
395 1023 493 1071 Dionisz
510 1024 539 1071 ad
549 1040 602 1071 eum
615 1023 793 1072 interficiendum
803 1041 843 1073 so-

173 1088 220 1135 cios
234 1088 352 1151 conquirit.
387 1088 535 1136 Adversarius
549 1090 598 1151 ejus
607 1089 725 1147 conuenit5
736 1091 842 1153 conjura*

172 1152 257 1200 tionem
268 1152 392 1201 confimutt.
426 1152 476 1201 Res
484 1154 572 1217 (multis
582 1153 679 1201 consciis
687 1169 739 1215 quae
749 1170 842 1217 gerere·

173 1214 222 1277 tur)
233 1218 291 1265 elata
300 1218 398 1265 defertur
409 1218 438 1265 ad
452 1218 625 1266 Aristomachen
636 1234 736 1266 sororem
745 1218 840 1274 Dionis,

173 1286 311 1345 'uxoremque
322 1283 416 1330 Areten.
452 1281 510 1336 Illae,
522 1284 603 1331 timore
612 1285 744 1346 perterritae‚
755 1299 841 1331 conre-

173 1347 245 1401 niunt,
261 1348 324 1409 cujus
334 1348 362 1394 de
376 1348 475 1408 periculo
489 1348 603 1395 timebant.
637 1348 673 1395 At
685 1348 723 1395 ille
737 1356 815 1411 negat,
826 1364 842 1397 a

174 1410 295 1460 Callicrate
307 1411 355 1459 fieri
370 1412 410 1459 sibi
424 1412 522 1466 insidiss,
538 1413 578 1460 sed
590 1413 635 1466 illa,
648 1428 700 1473 quae
709 1420 839 1476 agermmr,

172 1476 220 1523 lieri
231 1484 342 1539 praecepto
353 1492 401 1525 suo.
420 1476 532 1525 Mulieres
539 1475 609 1524 nihilo
616 1478 689 1525 secius
698 1475 841 1526 cunnum

172 1540 196 1587 in
205 1540 277 1588 aedem
286 1542 427 1605 Proserpinae
435 1542 555 1596 deducunt,
566 1558 593 1589 ac
598 1543 676 1605 jurare
683 1550 776 1605 cogunt,
786 1543 843 1590 nihil

173 1606 202 1651 ab
215 1606 254 1651 illo
267 1607 359 1667 periculi
373 1608 422 1654 iore
436 1606 516 1653 Dioni.
551 1604 594 1653 Ille
608 1607 651 1653 hac
667 1608 776 1669 religione
793 1622 841 1655 non

173 1671 242 1717 modo
253 1668 292 1733 [ab
298 1671 398 1736 incepto]
407 1687 454 1719 non
462 1671 587 1726 deterritus,
599 1671 638 1719 sed
645 1670 674 1717 ad
683 1673 841 1720 maturandum

173 1736 297 1784 concitatus
312 1744 354 1792 est,
370 1742 458 1791 veiens,
475 1736 580 1799 ueprius
590 1735 708 1783 consilium
717 1737 841 1800 aperiretur
920 1727 921 1750 ¹

172 1815 245 1854 suum,
258 1818 324 1863 quam
335 1810 415 1850 conata
425 1800 560 1865 perfecisset.
769 1836 771 1838 -
920 1813 921 1866 t

205 1863 253 1913 IX.
272 1866 326 1913 Huc
341 1874 424 1921 mente,
442 1867 545 1929 proximo
559 1867 596 1915 die
608 1866 675 1923 festo,
691 1883 743 1915 cum
756 1884 771 1916 a
784 1882 841 1915 con-
920 1869 921 1904 t

169 1936 241 1977 ventu
259 1945 284 1977 se
303 1939 413 1979 remotum
424 1931 489 1979 Dion
499 1933 560 1979 domi
570 1941 665 1987 teneret,
675 1931 743 1994 atque
752 1933 841 1981 incon·

171 1994 229 2042 elavi
244 1996 304 2042 edito
318 1997 470 2053 recubuisset3
487 1998 583 2044 consciis
598 1997 649 2045 loca
664 1998 785 2045 munitiora
799 2014 840 2061 op·
920 2005 921 2008 ’

169 2059 215 2121 pidi
224 2060 304 2119 tradit3
316 2061 407 2107 domum
415 2062 544 2109 custodibus
551 2062 622 2123 sepit3
634 2062 785 2125 aforibmqui
793 2078 839 2111 non
920 2101 921 2114 r

170 2124 291 2179 discedant,
309 2132 383 2173 certos
396 2125 504 2187 praeficit:
523 2142 603 2174 neven
619 2127 733 2175 triremem
747 2128 840 2175 armatis
920 2125 921 2180 i

170 2197 243 2243 ornat,
262 2189 443 2253 Philostratoque
460 2190 524 2239 lratri
542 2207 584 2239 suo
602 2191 683 2251 tradit;
702 2206 798 2253 umque
815 2190 839 2239 ia
920 2197 921 2240 ἶ

169 2263 237 2317 portu
245 2254 325 2317 agitari
330 2256 401 2319 jubet,
413 2263 439 2304 ut
449 2256 469 2304 si
478 2272 584 2304 exercere
594 2256 690 2319 remiges
700 2257 783 2314 vellct3
799 2273 839 2305 co-
920 2245 921 2310 J

170 2320 253 2381 gitans,
264 2321 282 2367 si
292 2320 351 2367 sorte
359 2322 457 2369 consiliis
465 2322 589 2370 obstitisset
595 2320 692 2376 tonnus,
704 2329 730 2369 ut
739 2322 838 2377 haberet,
920 2337 921 2390 j

169 2399 215 2443 quo
229 2384 319 2449 fugeret
332 2386 360 2433 sd
375 2386 477 2434 salutem.
513 2382 611 2434 Suorum
625 2393 701 2433 autem
717 2401 730 2433 e
745 2401 839 2434 numero

169 2448 308 2511 Zacynthios
317 2450 470 2498 adolescentes
480 2452 588 2511 quosdam
598 2450 839 2511 etigtccumaudseis-
920 2479 921 2490 r

171 2515 247 2568 simos,
260 2522 308 2562 tum
319 2516 402 2562 viribus
413 2516 517 2563 maximis
523 2532 532 2572 ;
542 2516 621 2577 hisque
628 2515 666 2561 dat
674 2516 798 2578 negotium,
809 2516 838 2561 ad

170 2576 270 2625 Dionem
282 2587 335 2627 eant
345 2579 448 2633 inermes.
465 2580 531 2626 sicuti
544 2580 692 2627 conveniendi
706 2580 755 2642 ejus
764 2578 838 2641 gntit

170 2641 298 2691 viderentur
313 2644 396 2693 venire.
432 2643 467 2693 Hi
477 2651 568 2707 propter
582 2642 684 2693 notitiam
699 2651 753 2693 sunt
766 2643 837 2692 intro·
