1859 2917
9 2592 15 2649 i

298 91 343 143 Vl.
360 91 556 143 sussultan-
727 98 762 148 28

69 222 253 338 ficrppgrrerstnr,
269 229 316 279 art,
332 238 357 271 se
368 222 427 273 illius
441 221 492 271 isse
505 222 628 287 proprium,
646 222 691 273 tus
706 239 763 275 eoa·

150 297 200 339 rat.

111 352 156 401 11.
185 352 222 403 Its
239 352 378 403 decemvirali
391 359 502 417 potestate
515 354 540 399 ia
554 336 657 401 omnious
670 355 761 403 urbrlua

77 416 224 473 constituti,
239 418 309 483 ipsius
321 425 379 463 nutu
393 418 469 465 omnis
483 418 624 479 gerebantur.
650 418 722 482 Cujus
732 420 761 468 de

76 484 222 531 crudelitate
237 499 264 529 sc
278 480 369 545 perfidid
385 483 438 529 sstis
450 490 492 535 est,
509 497 575 529 unam
590 499 646 538 rem,
662 485 759 546 exempli

79 546 170 611 gratiis,
183 546 290 609 prolerre.
302 562 338 601 ne,
350 546 378 593 de
388 546 466 593 eodem
477 546 540 609 plura
549 550 708 602 enumerando,
720 549 760 597 de-

79 612 213 677 fatigemus
224 613 326 661 lectores.
351 608 432 658 Victor
438 626 468 657 ex
476 610 532 657 Arii
539 627 591 657 cum
602 622 757 669 reverteretur,

81 676 239 739 Thasumque
247 676 385 728 devertisset,
397 676 458 737 quod
468 691 495 723 ea
505 676 584 723 civius
594 676 705 740 precipui
715 678 761 726 fide

79 740 161 789 fuerat
168 757 225 805 erga
233 740 390 793 Athenienses,
399 740 525 803 proindeac
536 741 554 786 si
565 740 631 787 iidem
639 740 760 789 firmissimi

81 806 190 853 solerent
207 821 257 855 esse
270 805 343 859 amici.
361 805 399 864 qui
414 812 542 851 constantes
554 804 650 853 fuissent
665 807 757 863 inimici,

83 869 594 987 mstttiitttlllimlfftitt
601 886 759 991 lim

85 998 279 1058 consulerentque
290 997 355 1043 rebus
363 996 416 1043 suis.
441 994 521 1059 Itaque
532 1005 545 1028 ⁴
559 1002 572 1027 ⁰
582 1004 596 1030 e
609 1004 623 1030 ⁸

120 1061 172 1109 111.
187 1068 226 1099 ⁸*
237 1069 252 1093 ⁴
261 1066 275 1093 *
287 1060 455 1107 decemviralem
465 1077 528 1109 suam
538 1069 673 1124 potestatem
684 1064 717 1111 sui
728 1065 757 1111 ab

86 1126 128 1175 illo
148 1126 294 1175 constitutam
312 1125 464 1181 sustulerunt;
490 1141 535 1185 quo
555 1126 631 1173 dolore
652 1128 757 1177 incensus

86 1194 139 1240 iniit
153 1190 252 1244 consilia,
272 1205 337 1253 reges
357 1188 580 1237 Lacedaemoniorum
597 1192 683 1240 ellare
710 1192 756 1241 Sed

87 1257 205 1309 sentiebat,
221 1255 245 1301 id
259 1270 283 1303 se
300 1254 348 1301 sine
362 1270 403 1315 ope
415 1253 518 1301 Deorum
532 1254 605 1303 facere
619 1271 665 1303 aon
681 1273 756 1318 posse,

88 1323 150 1387 quod
157 1319 322 1367 Lacedaemonii
330 1320 404 1365 omnis
412 1319 537 1366 adoracnla
543 1320 625 1367 referre
633 1336 757 1372 consuere·

88 1394 147 1435 rent.
170 1384 272 1431 Primum
280 1382 382 1445 Delphos
391 1393 680 1446 corrumpereestcouatus.
695 1384 756 1435 cum

89 1453 112 1499 ld
123 1465 168 1497 nnn
179 1449 295 1511 potuisset,
305 1447 426 1495 Dodonam
437 1448 527 1494 adortus
536 1458 577 1495 est.
597 1448 659 1496 Hinc
666 1466 756 1511 quoque

91 1515 201 1635 :itit
212 1514 577 1624 tltrilttsltttttt
585 1512 755 1640 ttulit?

94 1645 146 1693 Hac
157 1656 256 1705 specum
267 1640 379 1703 proiectus
387 1649 445 1691 esset
451 1643 476 1687 in
482 1641 592 1696 Africam.
599 1643 694 1692 nurltum
703 1660 755 1691 eum

94 1709 201 1757 antistites
209 1705 276 1754 Josis
284 1704 423 1753 fefellerunt:
437 1722 491 1752 nam
501 1722 547 1753 non
559 1708 632 1753 solum
643 1708 755 1771 corrumpi

93 1788 138 1822 nnn
148 1778 274 1835 potuerunt,
288 1771 326 1817 sed
339 1771 406 1817 etism
416 1772 504 1833 legatos
516 1771 701 1817 lncedaenronem
712 1772 757 1819 mi-

95 1846 175 1890 seruut,
192 1836 232 1898 qui
248 1834 390 1896 Lysandrum
407 1846 545 1889 accusment,
556 1836 618 1895 quod
629 1837 755 1886 madore·

93 1904 138 1951 iani
153 1916 294 1962 corrumpere
309 1908 402 1947 conatus
416 1908 483 1949 esset.
512 1902 639 1948 Accusatus
654 1903 697 1949 lroc
712 1903 756 1951 cri-

94 1969 158 2025 mine.
169 1966 314 2029 Judicumque
329 1966 443 2015 absolutus
457 1966 581 2025 sententiis,
597 1966 756 2015 Orchomeniis

95 2034 172 2083 missus
187 2030 290 2085 subsidio,
303 2030 389 2077 occisus
401 2038 436 2077 est
446 2046 460 2079 s
470 2030 583 2079 Thebanis
593 2032 652 2093 spud
663 2030 759 2082 Hnliure

94 2104 148 2147 tuns·
163 2095 237 2152 Quam
248 2110 301 2143 rere
311 2096 339 2143 de
349 2111 376 2141 eo
386 2095 582 2157 foretjudicatum.
594 2096 756 2146 oratioindr'cio

94 2160 200 2222 nuque
214 2167 373 2223 postmortem
387 2160 411 2205 in
425 2161 494 2209 domo
508 2162 658 2223 ejusreperts
672 2162 755 2224 erton

98 2224 139 2287 qui
151 2224 226 2273 suadet
236 2223 420 2278 Lacedaemoniis,
433 2234 464 2279 ut,
478 2225 540 2287 regii
553 2233 666 2287 potestate
681 2226 754 2274 disso-

96 2286 146 2343 lust
155 2304 181 2339 ex
191 2290 293 2335 omnibus
304 2290 350 2337 dux
360 2290 470 2351 deligatur
479 2291 508 2337 sd
517 2290 599 2337 bellum
609 2288 754 2352 gerendum),

97 2355 133 2407 sed
139 2354 168 2401 ita
174 2355 260 2416 scripte,
268 2362 294 2401 ut
301 2353 404 2401 Deorum
411 2356 523 2401 videretur
529 2370 654 2416 congruere
664 2363 757 2403 muten-

97 2420 139 2473 u'e,
150 2434 212 2481 quam
221 2418 258 2465 ille
266 2434 290 2465 se
298 2420 430 2473 habiturum,
515 2418 533 2435 ‘*
547 2420 624 2473 tideus,
636 2434 682 2465 noo
690 2418 756 2469 dubi·

98 2484 159 2531 utu
182 2482 250 2533 tine
267 2484 287 2533 ei
304 2484 419 2546 scripsisse
453 2482 754 2534 leonHalicerrrsaseusdi·

100 2548 161 2599 citur.

133 2606 176 2665 W·
192 2612 317 2678 Atorrrhsc
327 2614 378 2671 beo
389 2610 756 2679 momenmentum
