1859 2917
161 120 212 175 DE
228 120 309 176 SITU
320 122 505 183 orimum
517 122 568 174 ΠΙ.
587 122 681 176 ΟΜ.
721 118 756 174 st

87 256 187 304 bertum.
213 256 338 314 Gttruums⁴
349 252 756 321 exPyreneomontetielepmmiai

86 336 141 367 cum
152 320 245 370 hiberno
259 322 330 371 imbre
343 328 382 371 eut
396 323 476 369 solutio
489 322 578 370 niribtu
590 321 704 376 intumuit,
716 320 755 367 diu

86 386 188 433 vadosus
205 393 230 433 et
247 388 289 435 rix
309 388 440 450 navigabilis
459 387 538 435 sertum
568 388 602 435 At
620 387 657 435 ubi
675 386 755 433 obrius

88 449 178 497 Oceani
194 453 339 499 autuontis
353 452 479 501 accessibus
492 452 600 500 mactus
610 458 652 506 est,
663 451 755 507 iiadan-
770 474 776 483 ·

87 530 134 577 que
144 522 205 563 retro
215 517 371 571 reuocantibus,
387 532 438 563 suas
448 517 552 579 illiusque
561 531 630 578 maa
640 516 688 579 agit
694 532 702 573 3
714 515 755 562 ali-

86 587 197 641 quantum
208 581 301 644 plenior.
313 589 337 629 et
346 588 430 643 quanto
440 583 513 645 magis
523 582 631 645 procedit,
643 596 671 627 eo
678 580 752 633 latior,

86 642 116 691 fit
124 644 152 691 nd
163 652 300 707 postremum
308 647 385 709 magni
391 646 444 693 freti
453 646 545 705 similia3
557 660 600 693 nec
609 648 694 709 majora
703 652 755 692 tan·

87 716 139 755 tum
155 709 245 773 navigio
258 711 346 764 tolerat,
362 726 440 758 verum
456 712 532 765 etiam,
547 726 612 757 more
625 710 699 773 peiagi
710 724 754 756 ιω-

87 774 173 821 vienus
183 788 314 837 exsurgens,
325 776 398 837 jactet
408 776 541 837 navigantes
554 775 666 828 atrociter,
677 774 756 836 utique

88 838 110 885 ai
121 839 165 885 olio
176 847 265 893 ventus,
277 840 321 887 aiio
331 840 391 887 unda
400 840 532 902 praecipitat.
559 838 589 886 In
599 855 627 887 eo
637 846 673 887 eet
681 838 756 886 insula

87 903 179 951 Antros
190 904 287 957 nomine,
299 919 365 965 quam
375 906 473 967 pendae
482 912 506 952 et
516 904 587 953 attolli
598 903 660 966 aquia
670 903 755 950 incres-
807 959 810 964 .

86 968 193 1015 centibus
206 968 257 1015 ideo
266 966 347 1016 incole
357 970 494 1023 existiment,
505 970 565 1031 quia,
576 984 627 1016 curn
638 968 757 1015 videantur

87 1032 185 1079 editiore
202 1029 253 1094 quis
271 1034 362 1096 objacet,
385 1035 422 1081 ubi
441 1050 467 1081 se
484 1034 568 1081 iiuctus
588 1034 695 1097 impb'rit,
716 1032 756 1080 ille

87 1098 170 1159 operit,
187 1098 244 1151 hsec,
261 1105 287 1144 ut
300 1098 368 1161 prius,
382 1105 470 1146 tentum
485 1099 595 1156 ambitum
612 1105 635 1145 et
649 1098 710 1158 quod
719 1112 754 1152 ea,

86 1162 228 1223 qmbusante
235 1162 290 1224 ripae
297 1162 415 1224 collesque.
423 1178 453 1211 ne
458 1170 609 1217 cernerentur,
614 1162 752 1215 obstiterant,

87 1233 145 1272 tuuc
159 1226 223 1273 velut
236 1241 265 1273 ex
279 1227 329 1274 loeo
340 1228 453 1290 superiore
462 1228 579 1290 perspicere
588 1233 649 1273 aunt.
669 1226 693 1273 Α
705 1226 755 1274 Ga·

85 1305 179 1337 rumnse
189 1291 258 1345 exitu,
272 1293 330 1339 latus
340 1291 394 1338 illud
404 1293 484 1355 incipit
492 1300 560 1339 terrae
569 1292 719 1354 procurrentis
729 1290 754 1337 in

84 1356 191 1418 pelagus,
212 1361 236 1402 et
254 1370 293 1403 orn
312 1354 451 1405 CuntebrIcis
469 1358 562 1405 adversa
580 1357 688 1410 litoribus,
705 1356 755 1403 aiiis

85 1420 178 1483 populis
187 1420 260 1467 media
270 1422 317 1483 ejus
327 1422 483 1477 habitantibus,
494 1422 522 1469 ab
535 1421 640 1469 Santonis
651 1420 679 1469 ad
690 1420 754 1468 Osis·

86 1485 149 1532 unios
157 1500 229 1545 usque
236 1484 328 1532 deflexo.
349 1484 386 1532 Ab
397 1487 441 1534 iliis
451 1487 511 1533 enim
522 1487 603 1533 iterum
613 1486 642 1533 ad
651 1487 754 1549 Septem·

83 1550 173 1596 triones
182 1549 245 1595 irone
251 1550 341 1597 litorum
350 1550 439 1612 respicit
445 1568 453 1608 ;
470 1551 610 1613 pertinetque
620 1551 647 1598 ari
659 1550 750 1597 ultimos

87 1614 229 1661 Gallicarum
240 1615 341 1677 gentium
350 1615 455 1663 Morinos
461 1632 470 1673 ;
487 1630 529 1663 nec
539 1622 612 1678 portu,
625 1630 690 1677 quem
703 1616 753 1663 Go-

86 1680 200 1725 aorincurn
209 1686 297 1733 vocant,
307 1679 426 1740 quidquam
433 1682 509 1727 notius
519 1681 592 1727 babet.
613 1678 715 1734 Rhenus,
725 1680 754 1727 ab

84 1742 185 1804 Alpibus
201 1743 311 1797 decident,
328 1759 398 1807 prope
415 1746 515 1808 scopite
529 1746 586 1793 duos
599 1744 661 1791 lacus
676 1744 752 1799 efficit,

85 1806 204 1854 Venetum
219 1816 242 1854 et
255 1808 395 1857 Antonium:
414 1824 476 1864 mox,
493 1811 531 1856 diu
546 1808 637 1863 solidus,
653 1816 677 1856 et
691 1816 754 1855 certo

86 1873 155 1920 alveo
168 1871 251 1934 lapsus,
268 1874 327 1920 haud
339 1874 417 1936 procul
427 1890 440 1921 a
450 1876 507 1922 mari
518 1875 562 1921 huc
572 1881 596 1921 et
606 1874 659 1921 illuc
669 1873 755 1936 disper·

86 1938 166 2000 gitur3
184 1936 229 1991 seri,
247 1935 275 1984 ad
285 1937 405 1993 sinistrum,
417 1940 490 1986 amnis
500 1940 566 1987 etiam
577 1947 634 1993 tum,
646 1945 669 1986 et
682 1938 754 1986 donec

87 2001 175 2055 effluet,
187 2000 297 2060 Brenn„
314 2002 341 2049 ad
352 2004 460 2059 damur,
473 2004 545 2067 primo
561 2010 671 2067 angustus
684 2011 708 2051 et
718 2005 753 2051 sui

87 2066 176 2120 similis,
193 2074 252 2129 post,
269 2067 322 2130 ripis
338 2068 408 2133 longe
426 2084 452 2115 ec
469 2070 516 2117 late
530 2068 691 2124 medentum,
703 2070 752 2131 jam

86 2146 136 2177 non
151 2132 229 2186 emnia,
246 2133 286 2179 ced
301 2132 465 2195 ingeminent,
483 2134 521 2181 ubi
535 2149 626 2197 compos
642 2134 752 2197 implevit,

86 2194 161 2243 Flevo
187 2196 283 2255 dicitur;
306 2198 449 2260 ejusdemque
470 2199 567 2246 nominis
587 2198 682 2246 insulam
704 2214 753 2245 arn·

85 2260 175 2323 plexus,
192 2260 218 2308 iit
235 2261 316 2310 iterum
333 2264 422 2320 arction
442 2264 569 2327 iterumque
586 2264 669 2312 fluvius
686 2263 752 2311 emit-
