1859 2917
266 128 303 179 m
316 130 591 187 runursuocans
730 136 760 181 rs

87 262 213 312 ameum
231 242 350 309 concerni,
373 258 424 309 mc
441 277 494 309 eum
508 269 601 326 prope
615 260 697 311 mnu.
712 262 761 327 em

88 326 186 377 virtutes
202 324 287 389 magni
302 342 353 373 cum
369 326 478 389 dignitate
487 328 580 381 simet,
593 325 760 376 lacedemonii

87 394 181 455 legatos
191 391 294 438 Atheneo
305 391 419 445 miserunt,
432 392 470 453 qui
482 408 533 439 eum
544 393 658 439 absentem
668 408 761 441 recusa·

88 464 151 510 rent,
169 455 228 517 quod
243 456 371 503 societatem
382 472 433 502 cum
444 454 499 520 reg'e
510 456 637 511 Perseum,
652 458 681 504 sd
692 454 760 506 Graa-

91 522 150 571 clam
171 520 343 582 opprimendam,
362 518 459 568 fecisset.
489 520 546 568 Hoc
566 522 659 569 erimine
680 522 760 571 absens

88 582 223 651 proditionis
233 592 268 631 est
279 584 402 631 damnatus
419 584 447 633 ld
458 593 483 631 ut
494 583 585 640 audivit,
597 586 656 648 quod
667 602 712 634 non
724 603 760 635 ss·

88 652 119 699 tis
138 657 214 697 tutum
234 664 259 696 se
277 648 348 711 Argis
363 648 459 703 videbat,
478 649 602 711 Corcyram
618 651 759 714 demigravit.

88 714 125 765 lhi
146 729 199 761 cum
219 714 267 777 ejus
284 714 394 775 principes
410 712 506 761 civitatis
521 714 714 763 snimsdvertisset
730 717 759 763 ti-

87 924 141 957 cum
154 922 200 969 quo
211 907 231 955 ei
241 906 361 968 hospitium
371 906 450 961 fuerat,
463 908 572 972 confugit.
589 906 645 955 Huc
656 860 711 957 eur}
718 926 759 958 ve-

87 973 170 1033 nisset,
188 979 212 1018 et
227 971 250 1017 in
266 968 385 1032 presentia
395 986 435 1017 rex
445 972 539 1027 abesset,
557 988 602 1034 quo
613 974 697 1037 majore
707 976 759 1022 reli-

87 1036 159 1103 gione
175 1051 201 1083 se
216 1042 330 1096 receptum
341 1043 446 1089 tueretur,
458 1036 527 1083 filiam
538 1039 586 1100 ejus
596 1038 710 1099 penulam
722 1054 759 1087 u.

86 1102 164 1165 ripuit,
182 1106 206 1147 et
217 1114 268 1146 cum
279 1096 306 1146 ei
316 1114 340 1145 se
350 1100 373 1145 in
384 1102 512 1155 moranum,
529 1101 589 1163 quod
600 1102 687 1149 summi
697 1104 759 1151 colo-

84 1169 153 1215 batur
170 1161 305 1218 caerhnomd,
322 1160 430 1227 conjecit:
449 1164 502 1213 inde
516 1180 563 1212 non
579 1166 641 1228 prius
653 1183 758 1230 egressam

86 1239 128 1285 est,
148 1244 216 1292 qusm
227 1242 267 1275 rex
277 1244 335 1282 eum,
353 1226 404 1275 dati
418 1229 503 1284 dextri,
522 1231 545 1277 in
555 1230 621 1277 tidem
633 1233 755 1294 reciperet:

88 1310 158 1359 quam
174 1293 293 1361 praestititg
311 1306 370 1346 nam,
388 1309 440 1340 cum
451 1295 479 1341 sb
490 1295 665 1342 Atheniensibus
675 1303 699 1342 et
709 1296 757 1345 La-

88 1358 233 1408 eedaemoniis
244 1365 400 1419 exposceretur
409 1360 503 1421 publice,
516 1361 636 1423 supplicem
648 1375 693 1407 non
704 1378 757 1425 pro-

87 1424 157 1481 didit3
174 1422 313 1483 monuitque,
333 1429 358 1469 ut
374 1424 501 1471 consuleret
519 1426 573 1473 sibi:
592 1425 681 1473 difficile
696 1428 756 1474 enim

88 1504 144 1543 esse,
156 1488 181 1534 in
192 1494 238 1534 tam
249 1486 372 1549 propinquo
382 1488 440 1541 loco,
453 1496 503 1535 tuto
511 1504 563 1536 eum
570 1490 661 1537 versari.
677 1489 757 1553 lisque

88 1554 194 1615 Pydnam
205 1566 256 1599 eum
268 1550 345 1598 deduci
356 1552 432 1615 jussit,
450 1562 474 1599 et
488 1555 547 1615 quod
562 1548 617 1601 satis'
627 1563 687 1602 esset
696 1572 756 1618 prte-

88 1618 136 1667 sidii
147 1614 216 1664 dedit·
235 1613 318 1663 Hicin
325 1630 405 1663 navem
415 1618 517 1697 omnphus
525 1619 616 1681 ignotus
624 1619 752 1668 adscendite

86 1696 138 1796 ἓξ
152 1682 756 1801 iimffhiisiiititisiiiihi

87 1813 140 1866 cles,
159 1810 178 1857 si
194 1824 223 1857 eo
238 1810 382 1875 pervenisset,
399 1811 440 1857 sibi
455 1827 506 1859 esse
521 1812 665 1873 pereundum.
700 1812 755 1863 Hac

86 1875 221 1925 necessitate
239 1881 337 1928 coactus,
357 1874 448 1921 domino
467 1876 537 1930 navis,
560 1878 598 1938 qui
617 1877 653 1932 sit,
676 1880 752 1941 aperit,

86 1942 158 1989 mralte
167 1940 282 2003 pollicens,
295 1940 314 1985 si
325 1954 350 1985 se
360 1937 521 1987 consentisset.
540 1941 574 1988 At
581 1941 625 1998 ille,
638 1942 753 1991 clarissimi

84 2006 127 2055 viri
143 2010 222 2067 ceptus
238 2002 394 2059 misericordii,
412 2004 470 2053 diern
486 2013 620 2068 noctemque
634 2008 712 2070 procul
726 2010 754 2056 sb

85 2067 158 2119 insui
168 2069 192 2114 in
204 2068 250 2115 salo
261 2083 341 2115 navem
351 2070 423 2115 tenuit
433 2071 457 2115 in
468 2072 570 2129 ancoris3
588 2086 660 2133 neque
675 2088 754 2134 quem-

86 2150 152 2199 quam
164 2146 193 2180 ex
204 2131 230 2180 ei
241 2148 302 2180 aare
311 2148 389 2197 possus
401 2140 441 2181 est.
473 2134 530 2183 Inde
540 2136 657 2199 Ephesum
672 2153 754 2200 perre-

86 2202 126 2254 nit‚
138 2199 212 2259 ibique
222 2196 397 2275 hemistoclem
408 2200 515 2262 exponit:
529 2202 564 2249 cui
574 2201 612 2249 ille
619 2218 661 2265 pro
668 2202 754 2250 meritis

87 2264 372 2390 gritilainspdidtedldidddlde
390 2328 421 2376 ita
440 2329 560 2393 scripsisse,
576 2330 752 2379 Themistoclem

86 2392 165 2441 Xerxe
182 2399 291 2455 regnante
308 2393 331 2439 in
349 2392 428 2440 Asiam
439 2392 559 2442 transisset
579 2396 617 2443 sed
628 2411 672 2458 ego
682 2395 753 2457 potis-

87 2460 165 2507 simum
180 2456 308 2519 Thucydidi
325 2458 398 2513 credo,
416 2460 476 2520 quod
493 2468 559 2507 aemte
572 2460 687 2522 proximus
704 2466 753 2507 crat

87 2525 112 2571 de
122 2522 150 2570 iis
161 2522 199 2583 qui
208 2522 297 2569 illorum
309 2530 434 2586 temporum
445 2524 560 2571 historiam
571 2524 713 2584 reliquerunt,
729 2531 753 2571 et

87 2588 184 2652 ejusdem
195 2586 291 2635 civitatis
300 2586 351 2634 fuit.
385 2587 411 2636 Is
426 2596 502 2636 sutem
513 2590 550 2642 sit,
566 2588 595 2634 sd
609 2587 753 2635 Artaxerxen

89 2668 138 2702 ems
158 2652 255 2710 senisse,
278 2660 344 2716 etque
365 2654 400 2703 his
421 2654 495 2705 verbis
512 2652 629 2716 epistolum
647 2652 749 2702 misisse:

514 2732 528 2763 c
