1859 2917
154 113 185 157 12
236 105 286 155 DE
304 104 384 153 SITU
401 101 511 158 ORBIS,
529 100 618 149 Lis-I.
637 100 739 150 css-ss

152 242 180 289 de
187 239 275 293 finitus,
285 245 368 285 etcum
380 234 469 298 magnis
479 236 594 281 amborum
602 232 709 287 cladibus,
718 239 838 294 gestum

153 312 272 369 postquam
283 304 307 349 in
318 318 353 356 eo,
365 302 426 363 quod
436 306 579 352 convenerat,
591 314 638 344 non
648 299 796 350 manebam,
811 305 839 343 ut

153 372 191 418 ubi
201 370 271 432 legati
285 374 451 420 concurrerant,
470 373 531 412 certo
547 371 648 425 tempore
663 363 784 422 utrimque
800 361 838 407 di-

153 436 223 488 missi,
241 428 271 480 ibi
287 433 376 479 termini
391 438 557 486 statuerentur;
573 428 632 490 pacti
646 428 675 473 de
688 428 794 487 integro,
809 433 837 472 ut

154 499 261 562 quidquid
275 499 331 544 citra
344 503 411 549 esset,
428 495 570 557 popularibus
581 492 677 546 cederet,
692 493 793 555 (mirum
809 497 836 536 et

155 562 264 612 memoriis
281 562 438 625 digmssimum
454 556 568 618 facinusl)
585 554 623 605 hic
640 572 665 603 se
679 558 745 604 vivos
762 555 833 601 obrui

157 629 303 693 pertulerunt.
545 645 547 650 ·

328 876 388 925 Csr.
402 875 658 940 VIIL-Cyrcnoica.

192 1002 289 1051 Indead
300 1002 464 1051 Catabathmon
476 1002 603 1064 Cyrenaica
612 1001 728 1063 provincia
737 1007 789 1059 est3
807 1001 831 1047 in

159 1067 230 1129 eique
246 1075 306 1123 sunt,
323 1068 460 1115 Hammonis
475 1068 597 1121 oraculum,
613 1067 665 1116 fidd
681 1067 790 1127 inclytae;
808 1074 832 1113 et

158 1134 218 1187 sons,
230 1149 297 1195 quem
309 1134 368 1181 Solis
378 1134 503 1195 appellarim
520 1140 543 1178 et
553 1147 620 1194 rupes
629 1132 733 1191 quaedam
742 1132 831 1177 Austro

84 1246 86 1255 ,
161 1214 231 1248 sacra.
253 1198 314 1245 Haec
324 1214 376 1245 cum
391 1198 507 1244 hominum
517 1212 586 1243 manu
600 1196 726 1257 attingitur,
738 1196 776 1242 illc
786 1197 831 1243 im-

160 1264 262 1315 modicus
278 1264 387 1324 exsurgit,
403 1277 526 1323 arenasque
539 1263 603 1321 quasi
617 1262 687 1307 maria
700 1276 778 1323 agens,
798 1262 831 1308 sic

161 1328 234 1381 saevit,
252 1334 278 1373 ut
292 1326 403 1374 fluctibus.
430 1326 494 1374 Fons
509 1325 582 1372 medii
592 1334 659 1372 nocte
669 1325 756 1384 fervet3
772 1342 831 1372 mox

161 1401 185 1439 et
195 1392 301 1453 paulatim
316 1399 439 1453 tepescens,
448 1391 474 1437 fit
488 1392 538 1437 luce
551 1391 660 1453 frigidum
678 1398 740 1444 tunc,
757 1397 782 1436 ut
794 1392 830 1437 sol

162 1457 241 1518 surgit,
259 1457 290 1503 ita
305 1457 401 1531 'subinde
415 1456 526 1517 frigidior,
541 1470 583 1518 per
598 1456 713 1531 meridiem
729 1453 831 1503 maxime

161 1522 394 1646 {hiisfli‘lhdll
407 1528 621 1647 ,alhadib
633 1518 831 1639 {hiltrih}

162 1666 214 1698 cum
222 1658 257 1697 eat
267 1651 346 1704 media,
358 1650 476 1713 perfervet.
505 1650 533 1697 ln
540 1652 607 1698 litore
616 1651 771 1711 promontoria
778 1658 832 1697 sunt

162 1716 291 1777 Zephyrion
302 1724 325 1763 et
337 1716 507 1770 Naustathmos,
518 1723 597 1777 portus
606 1715 755 1769 Paraetonius,
766 1717 832 1762 urbes

163 1780 283 1842 Hesperia,
292 1781 419 1843 Apollonia,
429 1780 559 1834 Ptolemais,
570 1780 675 1834 Arsinoe,
684 1787 752 1841 atque
761 1781 833 1844 (unde

163 1846 229 1891 terris
244 1860 326 1891 nomen
341 1843 386 1906 est)
398 1847 446 1907 ipsa
457 1844 556 1906 Cyrene.
584 1844 751 1900 Catabathmon,
768 1846 833 1892 vallis

164 1908 250 1957 devexa
259 1910 283 1955 iu
294 1910 430 1972 AEgyptum,
442 1910 493 1962 linit
502 1910 611 1957 Africam.
627 1910 683 1957 Orae
691 1911 724 1957 sic
732 1911 834 1957 habitan·

164 1980 208 2027 tur,
226 1974 254 2020 ad
271 1982 373 2021 nostrum
391 1976 490 2022 martimo
508 1976 575 2021 ritum
591 1975 684 2021 moratis
699 1976 831 2030 cultoribus,

163 2038 208 2084 nisi
222 2039 281 2099 quod
296 2040 385 2099 quidam
399 2040 484 2103 linguis
500 2039 612 2095 differunt,
630 2047 655 2087 et
668 2040 731 2087 cultu
743 2040 831 2095 Deiun,

164 2118 221 2163 quos
242 2104 326 2165 patrios
349 2113 446 2159 servant,
470 2120 496 2151 ac
514 2106 586 2167 patrio
604 2121 668 2152 more
686 2113 830 2153 venerantur.

164 2166 279 2213 Proximis
289 2170 357 2215 uullae
368 2170 456 2229 quidem
469 2171 534 2216 urbes
545 2177 605 2217 stant
611 2188 619 2227 ;
636 2177 712 2216 tamen
723 2171 834 2217 domicilia

164 2238 224 2285 sunt,
234 2247 285 2292 quae
293 2233 387 2294 mapalia
397 2234 542 2295 appellantur.
563 2235 644 2281 Victus
653 2250 726 2296 asper,
735 2241 760 2281 et
766 2250 834 2281 mun-

164 2296 224 2341 ditiis
235 2311 320 2342 carens.
340 2296 454 2344 Primores
462 2300 524 2361 sagis
532 2300 648 2357 velantur3
661 2300 744 2361 vulgus
751 2300 833 2346 bestia-

164 2376 214 2406 rum
225 2361 380 2422 pecudumque
390 2363 491 2423 pellibus.
511 2363 583 2409 Humi
594 2366 658 2425 quies
668 2365 786 2425 epulaeque
796 2380 834 2411 ca·

165 2424 264 2483 piantur.
291 2426 352 2473 Vasa
362 2426 425 2489 ligno
437 2426 493 2473 liunt
504 2436 543 2474 aut
553 2432 644 2475 cortice.
660 2428 734 2475 Potus
744 2438 781 2476 est
790 2430 832 2483 lac,

137 2534 141 2550 ,
164 2502 289 2549 succusque
305 2491 429 2537 baccarum.
454 2490 525 2539 Cibus
540 2500 574 2539 est
588 2509 648 2547 caro,
664 2494 786 2554 plurimum
799 2494 835 2540 fe-

165 2551 226 2598 rina:
246 2568 297 2599 nam
317 2555 431 2616 gregibus,
454 2556 517 2665 qqnia
534 2559 556 2602 id
574 2559 647 2604 solum
667 2559 767 2620 opimum
787 2556 833 2617 est)

165 2616 225 2673 quod
233 2624 313 2677 potest,
326 2620 431 2679 parcitur.
471 2622 586 2677 nteriores,
596 2623 663 2669 etiam
673 2623 788 2679 incultius,
798 2639 836 2670 se-

919 2527 924 2552 l
