1859 2917
151 94 185 143 66
352 86 427 137 ΧΝῤ
440 81 633 139 Dasummi

156 237 200 285 que
213 220 233 268 is
246 218 358 283 pollicitus
370 218 408 267 est
417 219 475 283 regi,
486 231 575 267 sestam
585 216 766 275 nerianum,
778 220 840 271 1Ιά

157 301 199 335 rex
206 286 352 349 permitteret,
361 290 394 341 ut,
403 284 644 347 quodcumquevellet,
652 284 840 347 liceretimpuu·

156 352 246 409 facere3
262 350 375 411 fidemque
389 349 418 397 de
432 346 460 397 si
474 366 508 405 re,
523 366 588 397 more
602 348 733 403 Persamm,
751 348 839 397 dextr-1

158 416 263 465 dedisset.
282 414 352 463 Hanc
359 420 386 462 ut
393 415 667 477 sucepitsregemissam,
676 414 836 477 eopimparat,

158 489 183 529 et
193 482 273 529 absens
282 478 403 527 amicitiam
412 493 463 527 cum
475 479 575 527 Datame
580 480 650 537 faoit3
668 480 730 541 regis
739 481 839 541 provin·

159 547 205 594 uu
215 553 299 603 rems
310 545 542 621 eaelatupugmtj
552 559 648 607 magno
658 544 746 606 prens
756 546 836 607 sapin

160 626 255 673 querum
271 616 357 673 partem
374 625 421 657 suu
438 610 547 671 dispertit,
563 617 650 672 partem
668 608 697 655 ad
715 608 837 657 Datamen

160 677 237 723 mittit.
268 674 322 721 Pari
332 674 400 721 modo
408 674 524 737 complura
534 676 625 722 castella
635 674 656 721 ei
666 674 742 720 tradit.
768 673 836 722 Haec

160 740 200 788 diu
212 740 323 794 iaciendo,
335 740 446 801 persuasit
459 740 553 793 homini,
566 754 591 790 se
600 737 712 785 inlinitum
723 738 836 787 adversus

160 822 240 868 regern
251 804 376 866 suscepisse
385 804 485 862 bellum3
495 818 549 851 eum
560 804 717 865 nihilomagis,
727 818 836 866 nequam

162 871 312 949 suspicionem
331 868 646 945 illipraeberetinsidiarum,
667 883 740 929 neque
762 870 837 916 collo-

163 933 837 1061 tttmtttdtltttl‘mwffttffiutt

162 1064 256 1118 mutuis,
266 1064 306 1111 sed
317 1063 368 1111 odio
378 1064 494 1111 communi
504 1062 565 1126 quod
575 1078 632 1127 erga
640 1078 719 1127 regern
729 1078 837 1129 susoepe·

164 1136 223 1182 rant
235 1128 346 1176 contineri
355 1129 493 1175 viderentur.

198 1192 245 1240 XI.
265 1192 294 1239 Id
313 1208 365 1241 oum
384 1194 439 1241 satis
454 1208 482 1241 se
495 1190 641 1241 ooninnisse
655 1192 775 1241 arbitratus
789 1202 837 1251 est,

161 1259 284 1307 seniorem
294 1257 348 1305 faoit
361 1257 482 1313 Datamen,
497 1265 587 1321 tempus
599 1273 650 1305 esse
663 1260 761 1321 majores
770 1272 840 1307 exer-

164 1325 224 1371 citus
231 1324 311 1385 parari,
319 1323 402 1370 bellum
410 1338 462 1369 cum
470 1324 520 1385 ipso
530 1339 586 1385 rege
594 1323 689 1386 suscipis
708 1324 737 1371 de
746 1322 792 1385 qui
802 1339 836 1380 re

164 1389 214 1435 sisi
224 1389 344 1442 videretur,
356 1402 401 1447 qno
411 1389 463 1435 loco
473 1389 549 1443 vellet,
560 1388 585 1434 in
595 1388 731 1449 colloquiunt
741 1390 840 1437 venir&

165 1450 263 1499 Probeti
281 1467 313 1506 re,
333 1452 476 1515 colloquendi
490 1460 580 1516 tempus
597 1453 701 1508 mamitur,
717 1453 837 1516 lorumque,

161 1532 210 1579 quo
226 1516 391 1564 conveniretur.
418 1517 474 1565 Huc
493 1518 639 1580 Mithridates
656 1533 708 1565 cum
727 1533 782 1573 uno,
799 1520 839 1567 cui

165 1582 288 1629 maximam
308 1583 403 1629 habebat
420 1582 495 1637 fidem,
516 1590 568 1630 ante
589 1583 674 1644 aliquot
694 1582 744 1630 dies
763 1586 837 1641 veuit,

112 1645 114 1648 ’
163 1647 360 1710 compluribusque
373 1647 430 1694 locis
445 1648 564 1710 separatim
573 1648 662 1710 gladios
672 1649 752 1703 obruit,
765 1663 839 1710 esque

164 1713 215 1760 loca
234 1712 353 1775 diligenter
371 1719 442 1759 notat.
473 1711 528 1775 Ipso
543 1720 619 1759 autem
635 1713 776 1774 colloquendi
793 1715 838 1770 die

166 1778 261 1839 utrique,
272 1778 349 1825 locum
357 1778 395 1838 qui
403 1778 552 1841 explorarent,
564 1785 632 1839 atque
638 1778 700 1840 ipsos
708 1786 839 1827 scrutaren-
923 1771 924 1790 ¹

164 1849 210 1896 tur,
223 1842 323 1889 mittunt.
351 1842 442 1890 Deinde
452 1843 495 1905 ipsi
503 1849 556 1889 sunt
566 1843 690 1905 congressi.
720 1841 774 1890 Hic
784 1858 838 1891 urm
923 1881 924 1894 r

162 1906 300 1967 aliquamdiu
315 1907 339 1953 in
353 1907 465 1969 colloquio
475 1907 577 1962 fuissent,
589 1915 613 1954 et
624 1907 706 1955 diversi
720 1908 839 1957 discessim

165 1978 224 2025 seut,
238 1973 330 2034 jamque
344 1974 423 2034 procul
436 1972 548 2020 Datames
562 1974 664 2031 abessan
680 1973 836 2029 Mithridates
923 1975 924 2036 j

165 2036 295 2098 priusquam
306 2036 334 2083 ad
349 2051 402 2083 suos
416 2038 551 2099 perveniret,
563 2053 592 2085 ne
603 2052 671 2101 quarn
686 2039 838 2101 suspicionem
923 2041 924 2068 l

165 2108 261 2163 pareret,
277 2102 302 2148 in
317 2102 421 2149 eumdem
434 2103 510 2149 locum
526 2104 654 2157 revertitur,
669 2110 736 2164 atque
749 2104 789 2158 ibi,
800 2106 840 2153 ubi
923 2151 924 2164 ,

163 2166 238 2213 telum
253 2173 307 2213 eras
314 2166 452 2229 impositum,
464 2167 554 2221 resedit,
565 2175 592 2216 ut
602 2169 622 2215 si
632 2184 646 2215 a
655 2168 788 2215 lassitudine
798 2186 840 2217 eu·
923 2189 924 2196 ¹

165 2238 229 2293 peret
239 2232 394 2293 acquiescere;
411 2232 572 2295 Datamenque
582 2234 703 2288 mouerit,
721 2234 839 2291 simulans,
923 2277 924 2294 Ξ

166 2311 191 2343 se
202 2296 338 2357 quiddamiu
346 2297 458 2359 colloquio
469 2314 520 2346 esse
527 2299 629 2346 oblitum.
655 2297 750 2345 Interim
758 2299 839 2356 telum,
923 2297 924 2344 l

163 2361 227 2421 quod
237 2361 437 2424 latebat-protulit,
449 2365 603 2425 nudatumque
609 2360 693 2425 rugini
699 2366 838 2420 vestetexit,
923 2377 924 2422 ᾗ

165 2441 194 2473 ac
207 2425 301 2474 Datami
314 2428 414 2474 venienti
429 2428 467 2483 ait,
483 2429 646 2491 digredientem
659 2443 684 2474 sc
698 2429 840 2475 animadver-
923 2433 924 2474 l

165 2491 227 2543 iisse,
247 2491 323 2538 locum
341 2492 469 2552 quemdam,
489 2494 528 2555 qui
547 2489 596 2539 erat
613 2494 637 2539 iu
656 2500 785 2554 conspectu
809 2494 838 2541 a'd

164 2560 238 2600 castra
248 2556 351 2616 ponenda
361 2572 411 2604 esse
421 2558 535 2604 idoneum.
563 2558 640 2612 Quem
650 2565 703 2604 cum
714 2558 786 2619 digito
797 2557 838 2605 de-

165 2624 308 2677 monstraret,
321 2628 345 2669 et
354 2621 393 2671 ille
406 2623 554 2685 conspiceret,
570 2636 674 2671 auersum
688 2622 749 2670 ferro
762 2628 837 2672 transt
