<?xml version="1.0" encoding="UTF-8"?>
<!DOCTYPE html PUBLIC "-//W3C//DTD XHTML 1.0 Transitional//EN"
    "http://www.w3.org/TR/xhtml1/DTD/xhtml1-transitional.dtd">
<html xmlns="http://www.w3.org/1999/xhtml" xml:lang="en" lang="en">
 <head>
  <title>
</title>
<meta http-equiv="Content-Type" content="text/html;charset=utf-8" />
  <meta name='ocr-system' content='tesseract 3.04.00' />
  <meta name='ocr-capabilities' content='ocr_page ocr_carea ocr_par ocr_line ocrx_word'/>
</head>
<body>
  <div class='ocr_page' id='page_1' title='image "./corneliineoptis00melagoog_0157.png"; bbox 0 0 1859 2917; ppageno 0'>
   <div class='ocr_carea' id='block_1_1' title="bbox 152 122 738 189">
    <p class='ocr_par' dir='ltr' id='par_1_1' title="bbox 152 122 738 189">
     <span class='ocr_line' id='line_1_1' title="bbox 152 122 738 189; baseline -0.005 -9"><span class='ocrx_word' id='word_1_1' title='bbox 152 128 203 181; x_wconf 79' lang='lat' dir='ltr'><strong>DE</strong></span> <span class='ocrx_word' id='word_1_2' title='bbox 220 128 300 181; x_wconf 74' lang='lat' dir='ltr'><strong>SH&#39;U</strong></span> <span class='ocrx_word' id='word_1_3' title='bbox 315 130 424 189; x_wconf 69' lang='lat' dir='ltr'><strong>olims,</strong></span> <span class='ocrx_word' id='word_1_4' title='bbox 442 130 542 181; x_wconf 75' lang='lat' dir='ltr'><strong>Les-Il.</strong></span> <span class='ocrx_word' id='word_1_5' title='bbox 557 129 653 182; x_wconf 68' lang='grc' dir='ltr'><strong>ΟΜ.</strong></span> <span class='ocrx_word' id='word_1_6' title='bbox 704 122 738 177; x_wconf 65' lang='lat'><strong>58</strong></span> 
     </span>
    </p>
   </div>
   <div class='ocr_carea' id='block_1_2' title="bbox 68 256 741 711">
    <p class='ocr_par' dir='ltr' id='par_1_2' title="bbox 68 256 741 711">
     <span class='ocr_line' id='line_1_2' title="bbox 68 256 737 325; baseline 0.01 -19"><span class='ocrx_word' id='word_1_7' title='bbox 68 256 114 307; x_wconf 77' lang='lat' dir='ltr'><strong>nst</strong></span> <span class='ocrx_word' id='word_1_8' title='bbox 129 267 207 322; x_wconf 83' lang='lat' dir='ltr'><strong>pontus</strong></span> <span class='ocrx_word' id='word_1_9' title='bbox 223 258 327 311; x_wconf 61' lang='lat' dir='ltr'><strong>crunon</strong></span> <span class='ocrx_word' id='word_1_10' title='bbox 348 262 421 318; x_wconf 87' lang='lat' dir='ltr'><strong>urbes,</strong></span> <span class='ocrx_word' id='word_1_11' title='bbox 441 260 612 325; x_wconf 65' lang='lat' dir='ltr'><strong>Dionysopolis,</strong></span> <span class='ocrx_word' id='word_1_12' title='bbox 629 256 737 313; x_wconf 71' lang='lat' dir='ltr'><strong>Odessos,</strong></span> 
     </span>
     <span class='ocr_line' id='line_1_3' title="bbox 68 322 740 386; baseline -0.001 -16"><span class='ocrx_word' id='word_1_13' title='bbox 68 322 216 381; x_wconf 71' lang='lat' dir='ltr'><strong>Mesembria,-</strong></span> <span class='ocrx_word' id='word_1_14' title='bbox 228 326 367 386; x_wconf 75' lang='lat' dir='ltr'><strong>Aochinlos3</strong></span> <span class='ocrx_word' id='word_1_15' title='bbox 382 335 406 374; x_wconf 88' lang='lat' dir='ltr'><strong>et</strong></span> <span class='ocrx_word' id='word_1_16' title='bbox 421 328 501 374; x_wconf 87' lang='lat' dir='ltr'><strong>intimo</strong></span> <span class='ocrx_word' id='word_1_17' title='bbox 515 327 539 373; x_wconf 89' lang='lat' dir='ltr'><strong>in</strong></span> <span class='ocrx_word' id='word_1_18' title='bbox 555 327 612 379; x_wconf 87' lang='lat' dir='ltr'><strong>sinu,</strong></span> <span class='ocrx_word' id='word_1_19' title='bbox 624 332 691 386; x_wconf 87' lang='lat' dir='ltr'><strong>atque</strong></span> <span class='ocrx_word' id='word_1_20' title='bbox 702 322 740 370; x_wconf 88' lang='lat' dir='ltr'><strong>ubi</strong></span> 
     </span>
     <span class='ocr_line' id='line_1_4' title="bbox 69 384 741 454; baseline -0.001 -20"><span class='ocrx_word' id='word_1_21' title='bbox 69 384 161 435; x_wconf 85' lang='lat' dir='ltr'><strong>Pontus</strong></span> <span class='ocrx_word' id='word_1_22' title='bbox 172 389 265 437; x_wconf 75' lang='lat' dir='ltr'><strong>alterum</strong></span> <span class='ocrx_word' id='word_1_23' title='bbox 276 392 310 439; x_wconf 87' lang='lat' dir='ltr'><strong>sui</strong></span> <span class='ocrx_word' id='word_1_24' title='bbox 321 390 405 439; x_wconf 84' lang='lat' dir='ltr'><strong>flexum</strong></span> <span class='ocrx_word' id='word_1_25' title='bbox 416 392 500 454; x_wconf 86' lang='lat' dir='ltr'><strong>angulo</strong></span> <span class='ocrx_word' id='word_1_26' title='bbox 510 390 560 437; x_wconf 89' lang='lat' dir='ltr'><strong>linit</strong></span> <span class='ocrx_word' id='word_1_27' title='bbox 567 404 658 452; x_wconf 78' lang='lat' dir='ltr'><strong>magno,</strong></span> <span class='ocrx_word' id='word_1_28' title='bbox 668 387 741 450; x_wconf 80' lang='lat' dir='ltr'><strong>Apol-</strong></span> 
     </span>
     <span class='ocr_line' id='line_1_5' title="bbox 68 452 740 517; baseline -0.001 -18"><span class='ocrx_word' id='word_1_29' title='bbox 68 452 139 500; x_wconf 85' lang='lat' dir='ltr'><strong>lonia.</strong></span> <span class='ocrx_word' id='word_1_30' title='bbox 162 454 236 502; x_wconf 81' lang='lat' dir='ltr'><strong>Recta</strong></span> <span class='ocrx_word' id='word_1_31' title='bbox 251 455 331 502; x_wconf 83' lang='lat' dir='ltr'><strong>debinc</strong></span> <span class='ocrx_word' id='word_1_32' title='bbox 347 472 393 510; x_wconf 84' lang='lat' dir='ltr'><strong>orn,</strong></span> <span class='ocrx_word' id='word_1_33' title='bbox 410 456 453 503; x_wconf 84' lang='lat' dir='ltr'><strong>nisi</strong></span> <span class='ocrx_word' id='word_1_34' title='bbox 470 456 530 517; x_wconf 90' lang='lat' dir='ltr'><strong>qnod</strong></span> <span class='ocrx_word' id='word_1_35' title='bbox 544 455 618 502; x_wconf 81' lang='lat' dir='ltr'><strong>modia</strong></span> <span class='ocrx_word' id='word_1_36' title='bbox 631 453 703 500; x_wconf 85' lang='lat' dir='ltr'><strong>lerme</strong></span> <span class='ocrx_word' id='word_1_37' title='bbox 715 452 740 498; x_wconf 89' lang='lat' dir='ltr'><strong>in</strong></span> 
     </span>
     <span class='ocr_line' id='line_1_6' title="bbox 68 518 741 583; baseline -0.001 -20"><span class='ocrx_word' id='word_1_38' title='bbox 68 519 257 579; x_wconf 87' lang='lat' dir='ltr'><strong>promontorium,</strong></span> <span class='ocrx_word' id='word_1_39' title='bbox 269 521 330 581; x_wconf 90' lang='lat' dir='ltr'><strong>quod</strong></span> <span class='ocrx_word' id='word_1_40' title='bbox 339 520 453 583; x_wconf 71' lang='lat' dir='ltr'><strong>Thyniam</strong></span> <span class='ocrx_word' id='word_1_41' title='bbox 464 527 553 574; x_wconf 80' lang='lat' dir='ltr'><strong>vocant,</strong></span> <span class='ocrx_word' id='word_1_42' title='bbox 565 520 620 573; x_wconf 85' lang='lat' dir='ltr'><strong>exit,</strong></span> <span class='ocrx_word' id='word_1_43' title='bbox 631 525 655 565; x_wconf 86' lang='lat' dir='ltr'><strong>et</strong></span> <span class='ocrx_word' id='word_1_44' title='bbox 664 518 741 563; x_wconf 82' lang='lat' dir='ltr'><strong>ineun-</strong></span> 
     </span>
     <span class='ocr_line' id='line_1_7' title="bbox 69 582 740 645; baseline 0.009 -16"><span class='ocrx_word' id='word_1_45' title='bbox 69 582 197 629; x_wconf 68' lang='lat' dir='ltr'><strong>decontra</strong></span> <span class='ocrx_word' id='word_1_46' title='bbox 210 598 234 631; x_wconf 87' lang='lat' dir='ltr'><strong>se</strong></span> <span class='ocrx_word' id='word_1_47' title='bbox 248 585 350 631; x_wconf 87' lang='lat' dir='ltr'><strong>litoribus</strong></span> <span class='ocrx_word' id='word_1_48' title='bbox 365 584 499 638; x_wconf 85' lang='lat' dir='ltr'>obtenditur,</span> <span class='ocrx_word' id='word_1_49' title='bbox 515 586 624 645; x_wconf 71' lang='lat' dir='ltr'><strong>urbesque</strong></span> <span class='ocrx_word' id='word_1_50' title='bbox 637 582 740 635; x_wconf 64' lang='lat' dir='ltr'><strong>sustinet»</strong></span> 
     </span>
     <span class='ocr_line' id='line_1_8' title="bbox 70 644 741 711; baseline 0.001 -19"><span class='ocrx_word' id='word_1_51' title='bbox 70 644 250 707; x_wconf 74' lang='lat' dir='ltr'><strong>Halmydesson,</strong></span> <span class='ocrx_word' id='word_1_52' title='bbox 262 656 285 697; x_wconf 89' lang='lat' dir='ltr'><strong>et</strong></span> <span class='ocrx_word' id='word_1_53' title='bbox 299 647 396 703; x_wconf 84' lang='lat' dir='ltr'><strong>Phileas,</strong></span> <span class='ocrx_word' id='word_1_54' title='bbox 411 656 434 696; x_wconf 91' lang='lat' dir='ltr'><strong>et</strong></span> <span class='ocrx_word' id='word_1_55' title='bbox 445 648 595 711; x_wconf 82' lang='lat' dir='ltr'><strong>Phinopolim.</strong></span> <span class='ocrx_word' id='word_1_56' title='bbox 621 646 741 694; x_wconf 80' lang='lat' dir='ltr'><strong>Hactenus</strong></span> 
     </span>
    </p>
   </div>
   <div class='ocr_carea' id='block_1_3' title="bbox 68 708 802 2703">
    <p class='ocr_par' dir='ltr' id='par_1_3' title="bbox 68 708 802 2703">
     <span class='ocr_line' id='line_1_9' title="bbox 69 708 742 775; baseline -0.003 -17"><span class='ocrx_word' id='word_1_57' title='bbox 69 709 168 765; x_wconf 81' lang='lat' dir='ltr'><strong>Pontus,</strong></span> <span class='ocrx_word' id='word_1_58' title='bbox 185 712 263 759; x_wconf 84' lang='lat' dir='ltr'><strong>deinde</strong></span> <span class='ocrx_word' id='word_1_59' title='bbox 277 721 312 759; x_wconf 84' lang='lat' dir='ltr'><strong>est</strong></span> <span class='ocrx_word' id='word_1_60' title='bbox 327 712 443 775; x_wconf 79' lang='lat' dir='ltr'>Bosporus</span> <span class='ocrx_word' id='word_1_61' title='bbox 457 721 482 760; x_wconf 87' lang='lat' dir='ltr'><strong>et</strong></span> <span class='ocrx_word' id='word_1_62' title='bbox 492 712 627 775; x_wconf 74' lang='lat' dir='ltr'><strong>Propontis:</strong></span> <span class='ocrx_word' id='word_1_63' title='bbox 645 712 669 757; x_wconf 89' lang='lat' dir='ltr'><strong>in</strong></span> <span class='ocrx_word' id='word_1_64' title='bbox 680 708 742 757; x_wconf 88' lang='lat' dir='ltr'><strong>Bos·</strong></span> 
     </span>
     <span class='ocr_line' id='line_1_10' title="bbox 68 774 742 841; baseline -0.003 -19"><span class='ocrx_word' id='word_1_65' title='bbox 68 790 135 837; x_wconf 91' lang='lat' dir='ltr'><strong>poro,</strong></span> <span class='ocrx_word' id='word_1_66' title='bbox 148 775 302 836; x_wconf 65' lang='lat' dir='ltr'><strong>Byzantium</strong></span> <span class='ocrx_word' id='word_1_67' title='bbox 319 778 342 823; x_wconf 93' lang='lat' dir='ltr'><strong>in</strong></span> <span class='ocrx_word' id='word_1_68' title='bbox 354 777 498 841; x_wconf 78' lang='lat' dir='ltr'><strong>Propontide,</strong></span> <span class='ocrx_word' id='word_1_69' title='bbox 515 776 645 838; x_wconf 86' lang='lat' dir='ltr'><strong>Selymbria,</strong></span> <span class='ocrx_word' id='word_1_70' title='bbox 660 774 742 821; x_wconf 83' lang='lat' dir='ltr'><strong>Perin-</strong></span> 
     </span>
     <span class='ocr_line' id='line_1_11' title="bbox 70 839 743 903; baseline -0.003 -17"><span class='ocrx_word' id='word_1_71' title='bbox 70 842 133 894; x_wconf 89' lang='lat' dir='ltr'><strong>tlros,</strong></span> <span class='ocrx_word' id='word_1_72' title='bbox 145 839 266 901; x_wconf 62' lang='lat' dir='ltr'><strong>Bithyno,</strong></span> <span class='ocrx_word' id='word_1_73' title='bbox 278 856 405 903; x_wconf 86' lang='lat' dir='ltr'><strong>amnesque,</strong></span> <span class='ocrx_word' id='word_1_74' title='bbox 418 844 455 903; x_wconf 84' lang='lat' dir='ltr'><strong>qui</strong></span> <span class='ocrx_word' id='word_1_75' title='bbox 462 841 602 894; x_wconf 82' lang='lat' dir='ltr'><strong>interfluunt,</strong></span> <span class='ocrx_word' id='word_1_76' title='bbox 611 839 743 901; x_wconf 78' lang='lat' dir='ltr'><strong>Erginosst</strong></span> 
     </span>
     <span class='ocr_line' id='line_1_12' title="bbox 69 902 741 970; baseline 0.007 -19"><span class='ocrx_word' id='word_1_77' title='bbox 69 904 186 965; x_wconf 80' lang='lat' dir='ltr'><strong>Athyras:</strong></span> <span class='ocrx_word' id='word_1_78' title='bbox 202 910 250 951; x_wconf 87' lang='lat' dir='ltr'><strong>tum</strong></span> <span class='ocrx_word' id='word_1_79' title='bbox 261 906 339 953; x_wconf 86' lang='lat' dir='ltr'><strong>Rheso</strong></span> <span class='ocrx_word' id='word_1_80' title='bbox 350 917 444 970; x_wconf 83' lang='lat' dir='ltr'><strong>regnnta</strong></span> <span class='ocrx_word' id='word_1_81' title='bbox 451 907 563 969; x_wconf 81' lang='lat' dir='ltr'><strong>quondam</strong></span> <span class='ocrx_word' id='word_1_82' title='bbox 571 920 622 967; x_wconf 89' lang='lat' dir='ltr'><strong>pars</strong></span> <span class='ocrx_word' id='word_1_83' title='bbox 629 902 741 956; x_wconf 52' lang='lat' dir='ltr'><strong>Thraci&amp;</strong></span> 
     </span>
     <span class='ocr_line' id='line_1_13' title="bbox 70 966 740 1034; baseline -0.006 -17"><span class='ocrx_word' id='word_1_84' title='bbox 70 976 95 1017; x_wconf 85' lang='lat' dir='ltr'><strong>et</strong></span> <span class='ocrx_word' id='word_1_85' title='bbox 106 968 219 1016; x_wconf 76' lang='lat' dir='ltr'><strong>Bisanthe</strong></span> <span class='ocrx_word' id='word_1_86' title='bbox 230 970 363 1025; x_wconf 76' lang='lat' dir='ltr'><strong>Samiorum,</strong></span> <span class='ocrx_word' id='word_1_87' title='bbox 375 979 399 1019; x_wconf 90' lang='lat' dir='ltr'><strong>et</strong></span> <span class='ocrx_word' id='word_1_88' title='bbox 408 972 491 1034; x_wconf 80' lang='lat' dir='ltr'><strong>ingens</strong></span> <span class='ocrx_word' id='word_1_89' title='bbox 500 970 618 1033; x_wconf 78' lang='lat' dir='ltr'><strong>aliquando</strong></span> <span class='ocrx_word' id='word_1_90' title='bbox 629 966 740 1031; x_wconf 82' lang='lat' dir='ltr'><strong>Cypsela:</strong></span> 
     </span>
     <span class='ocr_line' id='line_1_14' title="bbox 69 1031 743 1098; baseline -0.003 -19"><span class='ocrx_word' id='word_1_91' title='bbox 69 1040 132 1097; x_wconf 69' lang='lat' dir='ltr'><strong>posi,</strong></span> <span class='ocrx_word' id='word_1_92' title='bbox 144 1033 209 1080; x_wconf 82' lang='lat' dir='ltr'><strong>loeus</strong></span> <span class='ocrx_word' id='word_1_93' title='bbox 219 1048 286 1096; x_wconf 80' lang='lat' dir='ltr'><strong>quem</strong></span> <span class='ocrx_word' id='word_1_94' title='bbox 298 1034 362 1081; x_wconf 78' lang='lat' dir='ltr'><strong>Graii</strong></span> <span class='ocrx_word' id='word_1_95' title='bbox 374 1042 460 1096; x_wconf 77' lang='lat' dir='ltr'><strong>blaspos</strong></span> <span class='ocrx_word' id='word_1_96' title='bbox 470 1040 546 1098; x_wconf 73' lang='grc' dir='ltr'><strong>Τιιχος</strong></span> <span class='ocrx_word' id='word_1_97' title='bbox 558 1034 675 1096; x_wconf 71' lang='lat' dir='ltr'><strong>appellnt,</strong></span> <span class='ocrx_word' id='word_1_98' title='bbox 684 1039 708 1079; x_wconf 77' lang='lat' dir='ltr'><strong>et</strong></span> <span class='ocrx_word' id='word_1_99' title='bbox 717 1031 743 1076; x_wconf 76' lang='lat' dir='ltr'><strong>in</strong></span> 
     </span>
     <span class='ocr_line' id='line_1_15' title="bbox 71 1095 802 1161; baseline -0.004 -16"><span class='ocrx_word' id='word_1_100' title='bbox 71 1097 149 1145; x_wconf 79' lang='lat' dir='ltr'><strong>radios</strong></span> <span class='ocrx_word' id='word_1_101' title='bbox 155 1112 246 1159; x_wconf 74' lang='lat' dir='ltr'><strong>magnae</strong></span> <span class='ocrx_word' id='word_1_102' title='bbox 253 1114 318 1161; x_wconf 77' lang='lat' dir='ltr'><strong>paene</strong></span> <span class='ocrx_word' id='word_1_103' title='bbox 325 1098 405 1146; x_wconf 76' lang='lat' dir='ltr'><strong>insulse</strong></span> <span class='ocrx_word' id='word_1_104' title='bbox 413 1098 493 1146; x_wconf 84' lang='lat' dir='ltr'><strong>sedens</strong></span> <span class='ocrx_word' id='word_1_105' title='bbox 500 1096 650 1160; x_wconf 77' lang='lat' dir='ltr'><strong>Lysimachis.</strong></span> <span class='ocrx_word' id='word_1_106' title='bbox 661 1095 742 1150; x_wconf 81' lang='lat' dir='ltr'><strong>Terra,</strong></span> <span class='ocrx_word' id='word_1_107' title='bbox 800 1139 802 1142; x_wconf 88' lang='lat'>.</span> 
     </span>
     <span class='ocr_line' id='line_1_16' title="bbox 70 1159 799 1227; baseline 0.001 -18"><span class='ocrx_word' id='word_1_108' title='bbox 70 1174 128 1223; x_wconf 78' lang='lat' dir='ltr'><strong>quae</strong></span> <span class='ocrx_word' id='word_1_109' title='bbox 147 1163 252 1223; x_wconf 80' lang='lat' dir='ltr'><strong>sequitur,</strong></span> <span class='ocrx_word' id='word_1_110' title='bbox 272 1177 382 1227; x_wconf 78' lang='lat' dir='ltr'><strong>nusquam</strong></span> <span class='ocrx_word' id='word_1_111' title='bbox 399 1162 451 1217; x_wconf 83' lang='lat' dir='ltr'><strong>lata,</strong></span> <span class='ocrx_word' id='word_1_112' title='bbox 471 1169 538 1223; x_wconf 83' lang='lat' dir='ltr'><strong>atque</strong></span> <span class='ocrx_word' id='word_1_113' title='bbox 556 1163 593 1208; x_wconf 87' lang='lat' dir='ltr'><strong>blo</strong></span> <span class='ocrx_word' id='word_1_114' title='bbox 611 1159 742 1214; x_wconf 75' lang='lat' dir='ltr'><strong>arctissima,</strong></span> <span class='ocrx_word' id='word_1_115' title='bbox 796 1203 799 1210; x_wconf 83' lang='lat'><em>.</em></span> 
     </span>
     <span class='ocr_line' id='line_1_17' title="bbox 70 1223 745 1290; baseline -0.001 -18"><span class='ocrx_word' id='word_1_116' title='bbox 70 1227 134 1273; x_wconf 85' lang='lat' dir='ltr'><strong>inter</strong></span> <span class='ocrx_word' id='word_1_117' title='bbox 142 1223 316 1289; x_wconf 73' lang='lat' dir='ltr'><strong>Hellespontum</strong></span> <span class='ocrx_word' id='word_1_118' title='bbox 324 1228 479 1290; x_wconf 78' lang='lat' dir='ltr'><strong>AEgaeumque</strong></span> <span class='ocrx_word' id='word_1_119' title='bbox 484 1228 602 1289; x_wconf 84' lang='lat' dir='ltr'><strong>procurrit.</strong></span> <span class='ocrx_word' id='word_1_120' title='bbox 618 1224 745 1287; x_wconf 71' lang='lat' dir='ltr'><strong>Angustias</strong></span> 
     </span>
     <span class='ocr_line' id='line_1_18' title="bbox 71 1288 745 1355; baseline 0 -19"><span class='ocrx_word' id='word_1_121' title='bbox 71 1288 188 1346; x_wconf 80' lang='lat' dir='ltr'><strong>Isthmon,</strong></span> <span class='ocrx_word' id='word_1_122' title='bbox 209 1290 307 1338; x_wconf 78' lang='lat' dir='ltr'><strong>frontem</strong></span> <span class='ocrx_word' id='word_1_123' title='bbox 326 1294 374 1355; x_wconf 86' lang='lat' dir='ltr'><strong>ejus</strong></span> <span class='ocrx_word' id='word_1_124' title='bbox 389 1292 530 1347; x_wconf 80' lang='lat' dir='ltr'><strong>Mastusiam,</strong></span> <span class='ocrx_word' id='word_1_125' title='bbox 549 1298 622 1338; x_wconf 83' lang='lat' dir='ltr'><strong>totam</strong></span> <span class='ocrx_word' id='word_1_126' title='bbox 643 1288 745 1338; x_wconf 73' lang='lat' dir='ltr'><strong>Cherso-</strong></span> 
     </span>
     <span class='ocr_line' id='line_1_19' title="bbox 71 1350 744 1417; baseline -0.007 -14"><span class='ocrx_word' id='word_1_127' title='bbox 71 1370 156 1402; x_wconf 76' lang='lat' dir='ltr'><strong>nonum</strong></span> <span class='ocrx_word' id='word_1_128' title='bbox 167 1356 291 1417; x_wconf 82' lang='lat' dir='ltr'><strong>sppellsnt;</strong></span> <span class='ocrx_word' id='word_1_129' title='bbox 309 1356 338 1403; x_wconf 90' lang='lat' dir='ltr'><strong>ob</strong></span> <span class='ocrx_word' id='word_1_130' title='bbox 347 1357 418 1403; x_wconf 83' lang='lat' dir='ltr'><strong>multa</strong></span> <span class='ocrx_word' id='word_1_131' title='bbox 428 1355 602 1403; x_wconf 74' lang='lat' dir='ltr'><strong>memorabilem·</strong></span> <span class='ocrx_word' id='word_1_132' title='bbox 626 1352 672 1401; x_wconf 82' lang='lat' dir='ltr'><strong>Est</strong></span> <span class='ocrx_word' id='word_1_133' title='bbox 681 1353 705 1399; x_wconf 92' lang='lat' dir='ltr'><strong>in</strong></span> <span class='ocrx_word' id='word_1_134' title='bbox 716 1350 744 1399; x_wconf 72' lang='lat' dir='ltr'><strong>ol</strong></span> 
     </span>
     <span class='ocr_line' id='line_1_20' title="bbox 71 1416 745 1483; baseline -0.003 -17"><span class='ocrx_word' id='word_1_135' title='bbox 71 1418 161 1466; x_wconf 83' lang='lat' dir='ltr'><strong>flumen</strong></span> <span class='ocrx_word' id='word_1_136' title='bbox 172 1418 255 1482; x_wconf 83' lang='lat' dir='ltr'><strong>AEgos,</strong></span> <span class='ocrx_word' id='word_1_137' title='bbox 267 1420 383 1483; x_wconf 80' lang='lat' dir='ltr'><strong>naufragio</strong></span> <span class='ocrx_word' id='word_1_138' title='bbox 394 1421 470 1467; x_wconf 84' lang='lat' dir='ltr'><strong>olsssis</strong></span> <span class='ocrx_word' id='word_1_139' title='bbox 482 1420 566 1469; x_wconf 77' lang='lat' dir='ltr'><strong>Attieae</strong></span> <span class='ocrx_word' id='word_1_140' title='bbox 579 1418 675 1481; x_wconf 74' lang='lat' dir='ltr'><strong>insigne¹</strong></span> <span class='ocrx_word' id='word_1_141' title='bbox 698 1416 745 1465; x_wconf 84' lang='lat' dir='ltr'><strong>Est</strong></span> 
     </span>
     <span class='ocr_line' id='line_1_21' title="bbox 72 1482 741 1548; baseline -0.006 -17"><span class='ocrx_word' id='word_1_142' title='bbox 72 1488 98 1531; x_wconf 83' lang='lat' dir='ltr'><strong>et</strong></span> <span class='ocrx_word' id='word_1_143' title='bbox 110 1484 194 1547; x_wconf 84' lang='lat' dir='ltr'><strong>Abydo</strong></span> <span class='ocrx_word' id='word_1_144' title='bbox 205 1485 307 1548; x_wconf 71' lang='lat' dir='ltr'><strong>obJsoens</strong></span> <span class='ocrx_word' id='word_1_145' title='bbox 317 1486 403 1539; x_wconf 79' lang='lat' dir='ltr'><strong>Sestos,</strong></span> <span class='ocrx_word' id='word_1_146' title='bbox 415 1484 514 1532; x_wconf 77' lang='lat' dir='ltr'><strong>Leandri</strong></span> <span class='ocrx_word' id='word_1_147' title='bbox 528 1498 605 1531; x_wconf 86' lang='lat' dir='ltr'><strong>amore</strong></span> <span class='ocrx_word' id='word_1_148' title='bbox 614 1482 741 1545; x_wconf 75' lang='lat' dir='ltr'><strong>pernobilis.</strong></span> 
     </span>
     <span class='ocr_line' id='line_1_22' title="bbox 72 1546 745 1611; baseline -0.001 -16"><span class='ocrx_word' id='word_1_149' title='bbox 72 1546 122 1596; x_wconf 82' lang='lat' dir='ltr'><strong>Est</strong></span> <span class='ocrx_word' id='word_1_150' title='bbox 132 1555 155 1595; x_wconf 84' lang='lat' dir='ltr'><strong>et</strong></span> <span class='ocrx_word' id='word_1_151' title='bbox 166 1550 236 1611; x_wconf 73' lang='lat' dir='ltr'><strong>regio,</strong></span> <span class='ocrx_word' id='word_1_152' title='bbox 248 1548 271 1595; x_wconf 90' lang='lat' dir='ltr'><strong>in</strong></span> <span class='ocrx_word' id='word_1_153' title='bbox 282 1547 326 1611; x_wconf 80' lang='lat' dir='ltr'><strong>qui</strong></span> <span class='ocrx_word' id='word_1_154' title='bbox 337 1549 456 1596; x_wconf 77' lang='lat' dir='ltr'><strong>Persarum</strong></span> <span class='ocrx_word' id='word_1_155' title='bbox 467 1549 585 1602; x_wconf 82' lang='lat' dir='ltr'><strong>exercitus,</strong></span> <span class='ocrx_word' id='word_1_156' title='bbox 597 1548 679 1595; x_wconf 80' lang='lat' dir='ltr'><strong>divisas</strong></span> <span class='ocrx_word' id='word_1_157' title='bbox 693 1560 745 1608; x_wconf 88' lang='lat' dir='ltr'><strong>spn-</strong></span> 
     </span>
     <span class='ocr_line' id='line_1_23' title="bbox 73 1610 745 1676; baseline -0.009 -15"><span class='ocrx_word' id='word_1_158' title='bbox 73 1612 108 1661; x_wconf 77' lang='lat' dir='ltr'><strong>tto</strong></span> <span class='ocrx_word' id='word_1_159' title='bbox 118 1613 244 1675; x_wconf 73' lang='lat' dir='ltr'><strong>pelagoque</strong></span> <span class='ocrx_word' id='word_1_160' title='bbox 254 1620 324 1661; x_wconf 77' lang='lat' dir='ltr'><strong>terras</strong></span> <span class='ocrx_word' id='word_1_161' title='bbox 337 1628 405 1661; x_wconf 84' lang='lat' dir='ltr'><strong>ausus</strong></span> <span class='ocrx_word' id='word_1_162' title='bbox 415 1614 520 1676; x_wconf 73' lang='lat' dir='ltr'><strong>portubus</strong></span> <span class='ocrx_word' id='word_1_163' title='bbox 529 1614 635 1675; x_wconf 79' lang='lat' dir='ltr'><strong>jungere,</strong></span> <span class='ocrx_word' id='word_1_164' title='bbox 651 1610 745 1674; x_wconf 85' lang='lat' dir='ltr'><strong>(mirum</strong></span> 
     </span>
     <span class='ocr_line' id='line_1_24' title="bbox 75 1675 747 1739; baseline -0.007 -14"><span class='ocrx_word' id='word_1_165' title='bbox 75 1682 145 1738; x_wconf 84' lang='lat' dir='ltr'><strong>atque</strong></span> <span class='ocrx_word' id='word_1_166' title='bbox 154 1678 236 1739; x_wconf 83' lang='lat' dir='ltr'><strong>ingens</strong></span> <span class='ocrx_word' id='word_1_167' title='bbox 245 1677 332 1725; x_wconf 83' lang='lat' dir='ltr'><strong>sscirrus</strong></span> <span class='ocrx_word' id='word_1_168' title='bbox 339 1676 362 1739; x_wconf 86' lang='lat' dir='ltr'><strong>l)</strong></span> <span class='ocrx_word' id='word_1_169' title='bbox 378 1693 407 1725; x_wconf 86' lang='lat' dir='ltr'><strong>ex</strong></span> <span class='ocrx_word' id='word_1_170' title='bbox 418 1676 475 1724; x_wconf 77' lang='lat' dir='ltr'><strong>Arii</strong></span> <span class='ocrx_word' id='word_1_171' title='bbox 483 1678 508 1723; x_wconf 88' lang='lat' dir='ltr'><strong>in</strong></span> <span class='ocrx_word' id='word_1_172' title='bbox 520 1676 633 1725; x_wconf 83' lang='lat' dir='ltr'><strong>Graeciam</strong></span> <span class='ocrx_word' id='word_1_173' title='bbox 643 1675 712 1738; x_wconf 84' lang='lat' dir='ltr'><strong>pedes</strong></span> <span class='ocrx_word' id='word_1_174' title='bbox 721 1680 747 1720; x_wconf 88' lang='lat' dir='ltr'><strong>et</strong></span> 
     </span>
     <span class='ocr_line' id='line_1_25' title="bbox 74 1737 747 1805; baseline -0.004 -18"><span class='ocrx_word' id='word_1_175' title='bbox 74 1756 124 1788; x_wconf 88' lang='lat' dir='ltr'><strong>non</strong></span> <span class='ocrx_word' id='word_1_176' title='bbox 136 1742 241 1804; x_wconf 79' lang='lat' dir='ltr'><strong>navigata</strong></span> <span class='ocrx_word' id='word_1_177' title='bbox 251 1743 320 1789; x_wconf 83' lang='lat' dir='ltr'><strong>maria</strong></span> <span class='ocrx_word' id='word_1_178' title='bbox 330 1750 483 1805; x_wconf 82' lang='lat' dir='ltr'><strong>transgressus</strong></span> <span class='ocrx_word' id='word_1_179' title='bbox 492 1748 535 1789; x_wconf 81' lang='lat' dir='ltr'><strong>est.</strong></span> <span class='ocrx_word' id='word_1_180' title='bbox 558 1740 617 1788; x_wconf 79' lang='lat' dir='ltr'><strong>Sunt</strong></span> <span class='ocrx_word' id='word_1_181' title='bbox 628 1737 747 1786; x_wconf 79' lang='lat' dir='ltr'><strong>Protesilai</strong></span> 
     </span>
     <span class='ocr_line' id='line_1_26' title="bbox 75 1804 749 1868; baseline -0.007 -15"><span class='ocrx_word' id='word_1_182' title='bbox 75 1818 131 1853; x_wconf 83' lang='lat' dir='ltr'><strong>ossa</strong></span> <span class='ocrx_word' id='word_1_183' title='bbox 141 1814 270 1854; x_wconf 79' lang='lat' dir='ltr'><strong>consecrata</strong></span> <span class='ocrx_word' id='word_1_184' title='bbox 280 1808 378 1854; x_wconf 87' lang='lat' dir='ltr'><strong>delubro.</strong></span> <span class='ocrx_word' id='word_1_185' title='bbox 397 1806 442 1853; x_wconf 88' lang='lat' dir='ltr'><strong>Est</strong></span> <span class='ocrx_word' id='word_1_186' title='bbox 452 1814 476 1853; x_wconf 86' lang='lat' dir='ltr'><strong>et</strong></span> <span class='ocrx_word' id='word_1_187' title='bbox 486 1813 563 1868; x_wconf 83' lang='lat' dir='ltr'><strong>postus</strong></span> <span class='ocrx_word' id='word_1_188' title='bbox 574 1804 661 1857; x_wconf 80' lang='lat' dir='ltr'><strong>Coelos,</strong></span> <span class='ocrx_word' id='word_1_189' title='bbox 673 1804 749 1850; x_wconf 81' lang='lat' dir='ltr'><strong>Atho-</strong></span> 
     </span>
     <span class='ocr_line' id='line_1_27' title="bbox 77 1868 749 1918; baseline -0.006 -1"><span class='ocrx_word' id='word_1_190' title='bbox 77 1870 194 1917; x_wconf 72' lang='lat' dir='ltr'><strong>sinubus</strong></span> <span class='ocrx_word' id='word_1_191' title='bbox 212 1878 235 1918; x_wconf 88' lang='lat' dir='ltr'><strong>et</strong></span> <span class='ocrx_word' id='word_1_192' title='bbox 254 1870 431 1918; x_wconf 78' lang='lat' dir='ltr'><strong>Lacedaemonlis</strong></span> <span class='ocrx_word' id='word_1_193' title='bbox 452 1870 526 1917; x_wconf 82' lang='lat' dir='ltr'><strong>navali</strong></span> <span class='ocrx_word' id='word_1_194' title='bbox 544 1869 592 1918; x_wconf 83' lang='lat' dir='ltr'><strong>soie</strong></span> <span class='ocrx_word' id='word_1_195' title='bbox 609 1868 749 1915; x_wconf 83' lang='lat' dir='ltr'><strong>deoernenti-</strong></span> 
     </span>
     <span class='ocr_line' id='line_1_28' title="bbox 77 1930 749 1997; baseline -0.003 -15"><span class='ocrx_word' id='word_1_196' title='bbox 77 1937 129 1989; x_wconf 89' lang='lat' dir='ltr'><strong>bus,</strong></span> <span class='ocrx_word' id='word_1_197' title='bbox 141 1933 263 1987; x_wconf 82' lang='lat' dir='ltr'><strong>Lanonioae</strong></span> <span class='ocrx_word' id='word_1_198' title='bbox 277 1936 353 1983; x_wconf 83' lang='lat' dir='ltr'><strong>elassis</strong></span> <span class='ocrx_word' id='word_1_199' title='bbox 368 1936 470 1997; x_wconf 84' lang='lat' dir='ltr'><strong>signatus</strong></span> <span class='ocrx_word' id='word_1_200' title='bbox 483 1935 577 1982; x_wconf 82' lang='lat' dir='ltr'><strong>excidio.</strong></span> <span class='ocrx_word' id='word_1_201' title='bbox 610 1933 655 1981; x_wconf 87' lang='lat' dir='ltr'><strong>Est</strong></span> <span class='ocrx_word' id='word_1_202' title='bbox 665 1939 689 1980; x_wconf 88' lang='lat' dir='ltr'><strong>et</strong></span> <span class='ocrx_word' id='word_1_203' title='bbox 699 1930 749 1994; x_wconf 81' lang='lat' dir='ltr'><strong>Cy·</strong></span> 
     </span>
     <span class='ocr_line' id='line_1_29' title="bbox 77 1990 749 2061; baseline -0.004 -16"><span class='ocrx_word' id='word_1_204' title='bbox 77 2012 204 2054; x_wconf 83' lang='lat' dir='ltr'><strong>nos-sema,</strong></span> <span class='ocrx_word' id='word_1_205' title='bbox 216 2000 315 2047; x_wconf 82' lang='lat' dir='ltr'><strong>tumulus</strong></span> <span class='ocrx_word' id='word_1_206' title='bbox 327 1998 436 2054; x_wconf 75' lang='lat' dir='ltr'><strong>Hecubae,</strong></span> <span class='ocrx_word' id='word_1_207' title='bbox 452 1999 500 2048; x_wconf 78' lang='lat' dir='ltr'><strong>sire</strong></span> <span class='ocrx_word' id='word_1_208' title='bbox 510 2014 539 2047; x_wconf 86' lang='lat' dir='ltr'><strong>ex</strong></span> <span class='ocrx_word' id='word_1_209' title='bbox 553 1990 627 2061; x_wconf 76' lang='lat' dir='ltr'><strong>figurt</strong></span> <span class='ocrx_word' id='word_1_210' title='bbox 640 1998 708 2051; x_wconf 87' lang='lat' dir='ltr'><strong>oanis,</strong></span> <span class='ocrx_word' id='word_1_211' title='bbox 724 1998 749 2043; x_wconf 79' lang='lat' dir='ltr'><strong>in</strong></span> 
     </span>
     <span class='ocr_line' id='line_1_30' title="bbox 78 2062 750 2127; baseline -0.004 -16"><span class='ocrx_word' id='word_1_212' title='bbox 78 2078 147 2127; x_wconf 85' lang='lat' dir='ltr'><strong>quam</strong></span> <span class='ocrx_word' id='word_1_213' title='bbox 167 2079 276 2111; x_wconf 85' lang='lat' dir='ltr'><strong>conversa</strong></span> <span class='ocrx_word' id='word_1_214' title='bbox 291 2064 391 2119; x_wconf 86' lang='lat' dir='ltr'><strong>traditur,</strong></span> <span class='ocrx_word' id='word_1_215' title='bbox 411 2064 459 2111; x_wconf 85' lang='lat' dir='ltr'><strong>sive</strong></span> <span class='ocrx_word' id='word_1_216' title='bbox 477 2079 507 2111; x_wconf 81' lang='lat' dir='ltr'><strong>ex</strong></span> <span class='ocrx_word' id='word_1_217' title='bbox 524 2062 621 2119; x_wconf 76' lang='lat' dir='ltr'><strong>fortuni,</strong></span> <span class='ocrx_word' id='word_1_218' title='bbox 639 2064 663 2109; x_wconf 87' lang='lat' dir='ltr'><strong>in</strong></span> <span class='ocrx_word' id='word_1_219' title='bbox 682 2076 750 2123; x_wconf 88' lang='lat' dir='ltr'><strong>quam</strong></span> 
     </span>
     <span class='ocr_line' id='line_1_31' title="bbox 79 2127 752 2191; baseline -0.003 -16"><span class='ocrx_word' id='word_1_220' title='bbox 79 2128 198 2182; x_wconf 76' lang='lat' dir='ltr'><strong>desiderat,</strong></span> <span class='ocrx_word' id='word_1_221' title='bbox 210 2128 289 2176; x_wconf 89' lang='lat' dir='ltr'><strong>humili</strong></span> <span class='ocrx_word' id='word_1_222' title='bbox 299 2130 389 2176; x_wconf 89' lang='lat' dir='ltr'><strong>nomine</strong></span> <span class='ocrx_word' id='word_1_223' title='bbox 399 2136 498 2191; x_wconf 82' lang='lat' dir='ltr'><strong>accepto.</strong></span> <span class='ocrx_word' id='word_1_224' title='bbox 519 2128 565 2176; x_wconf 88' lang='lat' dir='ltr'><strong>Est</strong></span> <span class='ocrx_word' id='word_1_225' title='bbox 575 2127 698 2190; x_wconf 75' lang='lat' dir='ltr'><strong>Mnlytos:</strong></span> <span class='ocrx_word' id='word_1_226' title='bbox 716 2133 752 2173; x_wconf 86' lang='lat' dir='ltr'><strong>est</strong></span> 
     </span>
     <span class='ocr_line' id='line_1_32' title="bbox 81 2192 752 2256; baseline 0 -17"><span class='ocrx_word' id='word_1_227' title='bbox 81 2192 162 2246; x_wconf 84' lang='lat' dir='ltr'><strong>Eleus,</strong></span> <span class='ocrx_word' id='word_1_228' title='bbox 174 2208 225 2253; x_wconf 79' lang='lat' dir='ltr'><strong>quse</strong></span> <span class='ocrx_word' id='word_1_229' title='bbox 235 2193 284 2239; x_wconf 89' lang='lat' dir='ltr'><strong>linit</strong></span> <span class='ocrx_word' id='word_1_230' title='bbox 295 2192 478 2255; x_wconf 84' lang='lat' dir='ltr'><strong>Hellespontmn.</strong></span> <span class='ocrx_word' id='word_1_231' title='bbox 502 2193 611 2256; x_wconf 76' lang='lat' dir='ltr'><strong>AEgaeum</strong></span> <span class='ocrx_word' id='word_1_232' title='bbox 626 2192 701 2239; x_wconf 83' lang='lat' dir='ltr'><strong>statim</strong></span> <span class='ocrx_word' id='word_1_233' title='bbox 711 2206 752 2253; x_wconf 81' lang='lat' dir='ltr'><strong>pe-</strong></span> 
     </span>
     <span class='ocr_line' id='line_1_33' title="bbox 80 2256 752 2321; baseline -0.004 -17"><span class='ocrx_word' id='word_1_234' title='bbox 80 2258 148 2318; x_wconf 78' lang='lat' dir='ltr'><strong>lsgus</strong></span> <span class='ocrx_word' id='word_1_235' title='bbox 162 2265 225 2305; x_wconf 75' lang='lat' dir='ltr'><strong>vaste</strong></span> <span class='ocrx_word' id='word_1_236' title='bbox 239 2258 333 2321; x_wconf 86' lang='lat' dir='ltr'><strong>longum</strong></span> <span class='ocrx_word' id='word_1_237' title='bbox 344 2258 397 2304; x_wconf 86' lang='lat' dir='ltr'><strong>litus</strong></span> <span class='ocrx_word' id='word_1_238' title='bbox 410 2256 518 2320; x_wconf 88' lang='lat' dir='ltr'><strong>impellit;</strong></span> <span class='ocrx_word' id='word_1_239' title='bbox 535 2259 691 2317; x_wconf 81' lang='lat' dir='ltr'><strong>submotssque</strong></span> <span class='ocrx_word' id='word_1_240' title='bbox 705 2262 752 2301; x_wconf 86' lang='lat' dir='ltr'><strong>ter-</strong></span> 
     </span>
     <span class='ocr_line' id='line_1_34' title="bbox 82 2321 750 2383; baseline -0.006 -16"><span class='ocrx_word' id='word_1_241' title='bbox 82 2336 120 2367; x_wconf 86' lang='lat' dir='ltr'><strong>ras</strong></span> <span class='ocrx_word' id='word_1_242' title='bbox 138 2321 191 2367; x_wconf 87' lang='lat' dir='ltr'><strong>hinc</strong></span> <span class='ocrx_word' id='word_1_243' title='bbox 210 2322 238 2367; x_wconf 85' lang='lat' dir='ltr'><strong>ad</strong></span> <span class='ocrx_word' id='word_1_244' title='bbox 256 2322 440 2383; x_wconf 87' lang='lat' dir='ltr'><strong>promontorium,</strong></span> <span class='ocrx_word' id='word_1_245' title='bbox 460 2323 521 2381; x_wconf 91' lang='lat' dir='ltr'><strong>quod</strong></span> <span class='ocrx_word' id='word_1_246' title='bbox 538 2322 633 2368; x_wconf 80' lang='lat' dir='ltr'><strong>Sunirmr</strong></span> <span class='ocrx_word' id='word_1_247' title='bbox 648 2326 750 2371; x_wconf 84' lang='lat' dir='ltr'><strong>voontur,</strong></span> 
     </span>
     <span class='ocr_line' id='line_1_35' title="bbox 82 2384 752 2447; baseline -0.007 -17"><span class='ocrx_word' id='word_1_248' title='bbox 82 2399 169 2445; x_wconf 80' lang='lat' dir='ltr'><strong>magno</strong></span> <span class='ocrx_word' id='word_1_249' title='bbox 187 2386 271 2432; x_wconf 81' lang='lat' dir='ltr'><strong>ambitu</strong></span> <span class='ocrx_word' id='word_1_250' title='bbox 288 2386 394 2445; x_wconf 84' lang='lat' dir='ltr'><strong>mollique</strong></span> <span class='ocrx_word' id='word_1_251' title='bbox 413 2386 552 2447; x_wconf 70' lang='lat' dir='ltr'><strong>circumagit.</strong></span> <span class='ocrx_word' id='word_1_252' title='bbox 581 2384 640 2445; x_wconf 77' lang='lat' dir='ltr'><strong>Ejus</strong></span> <span class='ocrx_word' id='word_1_253' title='bbox 655 2387 752 2427; x_wconf 72' lang='lat' dir='ltr'><strong>motum</strong></span> 
     </span>
     <span class='ocr_line' id='line_1_36' title="bbox 82 2444 752 2511; baseline -0.013 -15"><span class='ocrx_word' id='word_1_254' title='bbox 82 2448 219 2511; x_wconf 77' lang='lat' dir='ltr'><strong>legentibus,</strong></span> <span class='ocrx_word' id='word_1_255' title='bbox 229 2450 391 2511; x_wconf 82' lang='lat' dir='ltr'><strong>praeveotisque</strong></span> <span class='ocrx_word' id='word_1_256' title='bbox 404 2448 547 2500; x_wconf 77' lang='lat' dir='ltr'><strong>Mastusium,</strong></span> <span class='ocrx_word' id='word_1_257' title='bbox 560 2447 622 2492; x_wconf 88' lang='lat' dir='ltr'><strong>sinus</strong></span> <span class='ocrx_word' id='word_1_258' title='bbox 635 2444 752 2491; x_wconf 83' lang='lat' dir='ltr'><strong>intrandus</strong></span> 
     </span>
     <span class='ocr_line' id='line_1_37' title="bbox 84 2505 753 2573; baseline -0.003 -12"><span class='ocrx_word' id='word_1_259' title='bbox 84 2521 128 2567; x_wconf 82' lang='lat' dir='ltr'><strong>est,</strong></span> <span class='ocrx_word' id='word_1_260' title='bbox 140 2512 186 2573; x_wconf 90' lang='lat' dir='ltr'><strong>qni,</strong></span> <span class='ocrx_word' id='word_1_261' title='bbox 196 2514 291 2559; x_wconf 77' lang='lat' dir='ltr'><strong>alterum</strong></span> <span class='ocrx_word' id='word_1_262' title='bbox 302 2512 439 2561; x_wconf 82' lang='lat' dir='ltr'><strong>Chersonesi</strong></span> <span class='ocrx_word' id='word_1_263' title='bbox 448 2512 508 2558; x_wconf 80' lang='lat' dir='ltr'><strong>lutus</strong></span> <span class='ocrx_word' id='word_1_264' title='bbox 522 2511 615 2559; x_wconf 64' lang='lat' dir='ltr'><strong>alluens}</strong></span> <span class='ocrx_word' id='word_1_265' title='bbox 627 2510 685 2567; x_wconf 79' lang='lat' dir='ltr'>j¹¹g0</span> <span class='ocrx_word' id='word_1_266' title='bbox 695 2505 753 2549; x_wconf 64' lang='lat' dir='ltr'><strong>Me</strong></span> 
     </span>
     <span class='ocr_line' id='line_1_38' title="bbox 86 2564 754 2641; baseline -0.003 -17"><span class='ocrx_word' id='word_1_267' title='bbox 86 2576 151 2625; x_wconf 76' lang='lat' dir='ltr'><strong>valtis</strong></span> <span class='ocrx_word' id='word_1_268' title='bbox 165 2576 292 2630; x_wconf 87' lang='lat' dir='ltr'><strong>includitur,</strong></span> <span class='ocrx_word' id='word_1_269' title='bbox 313 2584 343 2631; x_wconf 84' lang='lat' dir='ltr'><strong>et,</strong></span> <span class='ocrx_word' id='word_1_270' title='bbox 361 2590 390 2623; x_wconf 81' lang='lat' dir='ltr'><strong>ex</strong></span> <span class='ocrx_word' id='word_1_271' title='bbox 405 2575 477 2622; x_wconf 80' lang='lat' dir='ltr'><strong>llario</strong></span> <span class='ocrx_word' id='word_1_272' title='bbox 491 2570 660 2634; x_wconf 66' lang='lat' dir='ltr'><strong>quem-socius,</strong></span> <span class='ocrx_word' id='word_1_273' title='bbox 678 2564 754 2641; x_wconf 50' lang='lat' dir='ltr'><strong>Meli·</strong></span> 
     </span>
     <span class='ocr_line' id='line_1_39' title="bbox 87 2637 756 2703; baseline -0.006 -14"><span class='ocrx_word' id='word_1_274' title='bbox 87 2638 167 2697; x_wconf 75' lang='lat' dir='ltr'><strong>dotus,</strong></span> <span class='ocrx_word' id='word_1_275' title='bbox 179 2640 234 2691; x_wconf 80' lang='lat' dir='ltr'><strong>duas</strong></span> <span class='ocrx_word' id='word_1_276' title='bbox 245 2641 310 2701; x_wconf 76' lang='lat' dir='ltr'><strong>urbes</strong></span> <span class='ocrx_word' id='word_1_277' title='bbox 321 2640 469 2703; x_wconf 82' lang='lat' dir='ltr'><strong>amplectitur,</strong></span> <span class='ocrx_word' id='word_1_278' title='bbox 486 2638 690 2700; x_wconf 63' lang='lat' dir='ltr'><strong>Alopeconnesum·</strong></span> <span class='ocrx_word' id='word_1_279' title='bbox 701 2637 726 2678; x_wconf 75' lang='lat' dir='ltr'><strong>ei</strong></span> <span class='ocrx_word' id='word_1_280' title='bbox 732 2644 756 2677; x_wconf 83' lang='lat'><strong>¹1¹</strong></span> 
     </span>
    </p>
   </div>
   <div class='ocr_carea' id='block_1_4' title="bbox 0 0 952 2917">
    <p class='ocr_par' dir='ltr' id='par_1_4' title="bbox 0 0 952 2917">
     <span class='ocr_line' id='line_1_40' title="bbox 0 0 952 2917; baseline 0 0"><span class='ocrx_word' id='word_1_281' title='bbox 0 0 952 2917; x_wconf 95' lang='lat' dir='ltr'><strong> </strong></span> 
     </span>
    </p>
   </div>
  </div>
 </body>
</html>
