1859 2917
168 114 214 175 ris
246 124 332 175 xxv.
349 122 379 174 T.
391 123 594 175 POMPONIUS
610 119 771 175 ametis

167 270 225 311 orus,
238 270 313 304 rerum
323 256 432 319 exemplis
442 256 538 303 lectores
548 256 683 310 docebimus,
693 256 764 319 (siout
774 268 840 317 supra

167 319 354 383 significavimus)
366 337 419 368 suos
434 322 515 381 cuique
528 336 603 367 mores
617 321 749 383 plerumque
763 319 841 365 conci·

166 386 221 433 liare
231 385 352 433 fortunam.
368 385 475 447 Namque
485 386 529 439 bic,
540 381 660 431 contentus
671 386 750 431 ordine
760 398 841 445 eques·

167 452 205 504 tri,
217 466 262 512 quo
273 457 320 497 erat
331 458 400 505 ortus,
410 452 433 496 in
443 450 572 497 affinitatem
581 450 683 511 pervenit
690 448 839 511 imperatoris,

168 514 228 562 Diva
243 511 321 579 [Julii]
336 515 390 572 filii;
409 530 460 561 cum
476 516 523 577 jam
539 522 591 561 ante
603 514 778 560 familiaritatem
792 514 841 574 ejus

169 587 230 627 esset
240 586 374 626 consecutus
388 578 449 625 nulli
463 578 507 625 alii
520 594 553 632 re,
569 589 635 639 quam
650 577 764 640 elegantiis
778 577 839 630 vitae,

169 642 214 705 qui
224 651 319 691 caeteros
329 651 418 706 ceperat
427 644 539 705 principes
549 643 652 696 civitatis,
665 642 777 704 dignitate
784 642 840 703 pari,

169 707 260 755 fortuni
267 709 392 755 humiliore.
405 708 481 755 Tanta
488 709 547 754 enim
555 708 691 769 prosperitas
700 704 842 769 [Caesarem]

171 788 223 821 eum
234 782 269 820 est
279 780 406 827 consecuta,
418 780 444 819 ut
458 774 514 819 nibil
528 773 548 819 ei
560 787 607 818 non
617 772 719 818 tribuerit
730 771 841 823 Fortuna,
915 805 916 814 ,

171 839 232 899 quod
242 839 346 899 cuiquam
357 845 409 885 ante
420 838 523 885 detulerit
529 854 538 895 ς
552 845 576 883 et
586 835 716 890 conciliirit,
729 836 794 895 quod
805 850 843 881 ne-

172 900 211 949 mo
225 902 297 949 adbuc
311 903 366 949 ciris
381 902 499 949 Romanus
513 902 585 963 quirit
594 902 708 961 consequi.
736 900 801 947 Nata
811 907 844 946 est

94 992 103 1007 ·
173 974 248 1013 autem
259 967 338 1013 Attico
348 968 422 1029 neptis
432 982 461 1013 ex
476 964 585 1029 Agrippi,
597 965 633 1012 cui
647 966 759 1027 virginem
775 964 845 1011 filiam

173 1028 300 1077 collocrirat.
333 1030 403 1079 Hanc
423 1030 509 1085 Caesar,
532 1032 573 1078 vix
593 1030 727 1084 anniculam,
751 1028 847 1075 'liberio
885 1051 893 1071 .-
916 1039 917 1056 ¹

174 1092 271 1144 Claudio
281 1094 376 1151 Neroni,
388 1095 491 1150 Drusilld
501 1102 561 1149 nato,
570 1095 675 1157 privigno
686 1109 735 1147 suo,
749 1095 847 1155 despon-

173 1160 221 1207 dit:
247 1175 299 1221 quae
314 1159 441 1223 conjunctio
458 1158 643 1206 necessitudinem
662 1173 741 1205 eorum
761 1158 848 1213 sanxit,

175 1224 346 1272 familiaritatem
357 1224 451 1272 reddidit
459 1224 646 1285 frequentiorem:

209 1288 269 1336 XX.
291 1289 399 1351 quamvis,
419 1295 472 1335 ante
488 1290 540 1334 baec
558 1288 675 1349 sponsalia,
696 1300 744 1333 non
763 1287 848 1341 solum,
917 1305 918 1308 ¹

177 1368 228 1401 cum
239 1353 267 1399 ab
276 1352 340 1400 Urbe
350 1354 442 1407 abesset,
452 1367 566 1413 nunquam
574 1351 603 1398 ad
610 1366 701 1398 suorum
709 1367 848 1413 quemquam

176 1419 251 1464 literas
262 1418 329 1471 misit,
339 1418 393 1477 quin
404 1417 483 1465 Attico
493 1416 599 1469 mitteret,
608 1416 661 1477 quid
668 1422 754 1477 ageret,
766 1417 792 1461 in
803 1417 850 1478 pri·

177 1482 221 1528 mis
232 1482 285 1541 quid
295 1482 387 1543 legeret,
399 1483 523 1542 quibusque
536 1482 560 1526 in
573 1481 636 1534 locis,
650 1487 674 1527 et
684 1480 800 1540 quamdiu,
813 1496 850 1527 es-
918 1533 919 1544 ἵ

111 1546 116 1554 ’
178 1555 213 1593 set
228 1554 370 1603 moraturus;
393 1546 431 1593 sed
448 1547 515 1593 etiam
532 1560 583 1591 cum
602 1552 661 1591 esset
678 1545 702 1590 in
722 1544 796 1599 Urbe,
817 1553 847 1599 et,

177 1618 268 1673 propter
279 1626 331 1656 suas
338 1610 435 1656 infinitas
443 1610 608 1671 occupationes,
617 1610 692 1655 minus
703 1624 771 1671 saepe,
781 1625 849 1671 quam

177 1676 253 1729 vellet,
266 1674 344 1721 Attico
354 1675 472 1728 frueretur,
484 1674 558 1720 nullus
573 1675 620 1720 dies
631 1681 706 1720 umen
717 1681 805 1721 temere
815 1675 850 1720 in-

178 1740 287 1794 tercessit,
304 1756 348 1799 quo
362 1754 409 1785 non
423 1738 451 1784 ad
467 1754 519 1784 eum
530 1738 648 1795 scriberet;
666 1754 717 1784 cum
728 1740 800 1785 modo
811 1738 851 1785 ali·

179 1804 232 1866 quid
243 1804 270 1850 de
281 1805 410 1865 antiquitate
421 1804 448 1849 ab
458 1818 486 1849 eo
498 1804 632 1863 requireret;
646 1803 713 1848 modo
722 1804 821 1864 aliquam
830 1804 850 1850 ei

179 1869 326 1929 quaestionem
341 1868 452 1930 po'e'ticam
468 1876 618 1929 proponeret;
640 1868 753 1914 interdum
769 1870 854 1930 jocans

178 1934 227 1995 ejus
243 1934 380 1979 verbosiores
396 1932 486 1977 eliceret
501 1932 612 1993 epistolas.
642 1931 682 1978 Ex
698 1947 744 1992 quo
761 1934 849 1987 accidit,

180 2002 231 2043 'cum
249 1996 309 2043 aedes
324 1996 390 2045 Jovis
406 1996 509 2049 Feretrii,
527 1996 550 2041 in
571 1994 682 2057 Capitolio
701 1996 852 2043 abRomulo

179 2061 307 2114 constituta,
319 2067 430 2107 vetustate
441 2068 509 2121 atque
520 2058 605 2106 incurii
617 2061 711 2114 detecta,
723 2062 852 2122 prolabere-

178 2134 223 2179 tur,
236 2132 262 2171 ut
273 2123 344 2171 Attici
358 2125 473 2171 admonitu
485 2123 564 2172 Caesar
573 2140 622 2171 eam
634 2125 774 2171 reficiendam
786 2142 851 2173 cura·

178 2198 222 2235 ret.
249 2188 331 2251 Neque
341 2204 395 2235 vero
405 2190 432 2235 ab
443 2190 592 2235 mammio
602 2190 676 2235 minus
687 2191 767 2235 absens
780 2191 851 2237 literis

180 2254 309 2310 colebatur;
331 2254 392 2307 adeo,
411 2260 436 2299 ut
450 2261 555 2299 accurate
571 2254 608 2298 ille
624 2268 653 2300 ex
672 2254 755 2300 ultimis
775 2255 848 2308 terris,

180 2318 235 2379 quid
245 2324 329 2379 ageret,
342 2318 394 2377 quid
405 2332 465 2363 curac
477 2318 517 2363 sibi
528 2318 624 2371 haberet,
637 2318 754 2363 certiorem
764 2318 849 2365 faceret

179 2382 292 2429 Atticum.
318 2380 372 2427 Hoc
384 2381 450 2442 quale
463 2382 499 2434 sit,
514 2380 601 2427 facilius
615 2382 750 2428 existimabit
765 2383 793 2434 is,
813 2383 849 2444 qui

175 2446 278 2508 Judicare
287 2446 375 2507 poterit,
388 2451 478 2504 quantae
489 2444 518 2491 sit
529 2445 649 2507 sapientiae,
664 2460 742 2492 eorum
753 2448 851 2494 retinere

179 2524 246 2555 usum
259 2509 487 2567 benevolentiamque,
502 2509 561 2555 inter
576 2524 633 2569 quos
649 2510 798 2556 maximarum
814 2526 849 2557 re-

180 2586 231 2618 rum
245 2587 291 2618 non
305 2574 382 2619 solum¹
393 2572 513 2624 aemulatio,
529 2573 568 2619 sed
581 2574 719 2627 obtmotatio,
736 2581 800 2620 tanta
814 2575 849 2620 in·

178 2636 310 2690 tercedebat,
322 2642 426 2699 quautam
436 2634 481 2683 fuit
488 2636 587 2684 incidere
596 2650 689 2686 necesse
696 2638 757 2685 inter
769 2636 853 2687 Oeta-⁴
