1859 2917
282 342 348 407 IX.
373 339 544 407 CONON.

112 534 134 587 1·
150 534 245 590 conon,
257 536 408 591 Atheniensis,
419 536 583 600 Peloponnesio
590 538 648 585 bello
656 540 749 589 recusit

75 602 108 649 ad
127 602 302 664 rempublicam
325 603 348 647 in
364 618 436 662 eoque
451 604 499 665 ejus
516 618 582 665 opera
597 605 673 665 magni
688 604 746 654 suit:

75 682 131 713 nam
143 675 167 713 et
178 676 262 729 praetor
270 666 405 728 pedestribus
413 667 545 731 exeroitibus
553 666 648 729 praefuit,
660 676 682 714 et
690 685 749 731 prae-

73 731 151 778 fectus
164 731 241 777 classis
251 747 285 776 res
294 746 386 793 magnas
395 732 449 776 mari
460 730 537 793 gessit.
558 730 622 784 Quas
633 732 749 781 obesum

73 796 206 859 praecipuus
226 796 246 840 ei
264 796 336 841 honos
354 794 441 841 habitus
460 803 510 841 est:
535 810 631 856 namque
647 798 750 845 omnibus

74 875 137 907 unus
153 859 233 905 insulis
247 858 348 919 praefuit:
367 860 390 904 in
406 857 450 920 qui
464 866 574 921 potestate
586 860 670 906 Pheras
721 861 746 917 it,

74 924 191 970 coloniam
204 920 431 969 Lacedaemoniorum.
451 922 506 969 Fuit
516 924 582 970 etism
593 931 694 971 extremo
724 940 753 972 e-

73 988 212 1051 loponnesio
230 988 287 1033 bello
306 995 395 1049 praetor,
420 1004 471 1035 cum
492 988 551 1049 spud
569 988 644 1051 AEgos
662 988 748 1037 flumen

74 1053 149 1115 copiae
166 1053 337 1099 Atheniensium
352 1068 366 1098 a
381 1050 499 1113 Lysandro
514 1060 567 1099 sunt
577 1054 678 1101 devictae«
702 1054 748 1102 Seu

75 1125 126 1165 tum
139 1116 224 1174 abfuit5
240 1133 310 1176 eoque
320 1118 382 1179 pejus
393 1132 428 1163 res
439 1118 590 1163 administrata
600 1126 645 1164 est:
662 1134 713 1164 nam
724 1125 748 1164 et

74 1184 177 1245 pmdens
190 1182 221 1227 rei
233 1182 339 1235 militaris,
356 1188 378 1227 et
393 1181 487 1243 diligens
496 1190 544 1228 erat
555 1181 653 1243 imperti:
672 1183 747 1243 itaque

76 1247 163 1293 nemini
175 1252 223 1293 erat
233 1246 267 1291 his
278 1246 413 1307 temporibus
424 1246 521 1299 dubium,
533 1246 552 1292 si
564 1244 670 1300 aflirisset,
685 1246 747 1294 illm

77 1311 231 1358 Athenienses
243 1310 388 1356 calamitatem
400 1319 528 1373 accepturos
540 1324 585 1355 nou
595 1309 670 1356 fuisse.

108 1374 144 1421 ΙΙ.
169 1375 248 1420 Rebus
267 1375 340 1421 a'utem
359 1374 453 1428 afflictis,
474 1390 524 1421 cum
542 1374 634 1437 patriam
652 1375 747 1425 obsideri

76 1436 186 1493 audisset,
200 1454 245 1485 non
257 1440 365 1499 quaesivit,
379 1438 415 1484 ubi
423 1438 471 1501 ipse
478 1446 527 1485 tuto
535 1439 627 1493 viveret,
640 1440 747 1488 sedunde

75 1504 181 1567 praesidio
190 1510 267 1565 posset
275 1519 323 1550 esse
331 1504 415 1549 civibus
424 1504 476 1549 suis.
496 1502 575 1564 Itaque
583 1504 677 1551 contulit
685 1521 710 1552 se
717 1504 746 1551 ad

76 1568 259 1619 Pharnabazum,
272 1576 372 1629 satrapen
384 1566 454 1614 Ioniae
466 1576 489 1613 et
500 1563 587 1629 Lydiae,
599 1570 749 1630 eumdemque

75 1650 187 1697 generum
200 1632 259 1695 regis
270 1638 293 1678 et
303 1633 463 1695 propinquum
478 1632 534 1694 apud
543 1648 608 1693 quem
617 1640 642 1679 ut
649 1635 746 1679 multum

75 1695 149 1763 gratiis
158 1698 250 1750 valeret,
262 1697 333 1742 multo
341 1698 414 1743 labore
425 1698 545 1757 multisque
555 1695 627 1743 effecit
635 1698 746 1758 periculis.

76 1762 145 1817 Nam,
159 1778 213 1808 cum
229 1760 399 1814 Lacedaenaonii,
416 1762 590 1807 Atheniensibus
605 1761 705 1815 devictis,
720 1761 746 1807 in

76 1828 185 1875 societate
197 1841 243 1871 non
259 1834 381 1879 manerent,
400 1841 465 1887 quam
480 1840 531 1870 cum
548 1826 673 1871 Artaxerxe
685 1825 747 1875 sece-

76 1901 132 1946 rant,
159 1892 335 1953 Agesilaumque
355 1890 460 1935 bellatum
483 1889 595 1935 misissent
615 1890 638 1935 in
658 1891 744 1946 Asiam,

74 1959 173 2005 maxime
184 1956 274 2017 impulsi
283 1954 459 2017 aTissapherne,
470 1954 545 2015 quiex
555 1954 639 2000 intimis
649 1957 710 2017 regis
719 1955 748 2003 ab

77 2018 173 2071 amicitiai
187 2022 236 2083 ejus
251 2019 367 2072 defecerat,
380 2029 463 2065 etcum
477 2016 653 2066 Lacedaemoniis
664 2020 747 2067 coierat

77 2088 222 2141 societatem
242 2084 301 2129 hunc
317 2084 421 2130 adversus
437 2084 596 2130 Phamabazus
610 2084 697 2131 habitus
712 2090 748 2131 est

76 2150 197 2213 imperator
203 2166 212 2207 ς
230 2165 253 2195 re
264 2148 352 2210 quidem
363 2147 415 2195 veri
426 2148 532 2195 exercitui
545 2147 634 2209 praesuit
648 2147 746 2207 Conon3

77 2216 167 2278 ejumue
179 2214 255 2259 omnia
266 2214 354 2259 arbitrio
369 2222 433 2277 gesta
448 2220 507 2259 sunt.
532 2210 580 2258 Hic
594 2214 689 2259 multum
705 2212 747 2259 du.

78 2296 125 2327 cem
142 2294 264 2329 summum,
283 2278 421 2337 Agesiliium,
440 2276 560 2341 impedivit,
578 2292 682 2340 saepeque
698 2280 747 2339 eJus

79 2345 175 2391 consiliis
187 2344 280 2389 obstitit.
299 2340 380 2403 Neque
391 2358 445 2389 vero
453 2358 499 2389 non
509 2342 552 2388 fuit
562 2354 670 2403 apertum,
684 2340 748 2387 mille

79 2424 122 2455 non
133 2409 221 2462 fuisset,
235 2407 366 2469 Agesiliium
376 2408 453 2455 Asiam
464 2406 542 2453 Tauro
549 2415 616 2453 tenus
624 2408 671 2467 regi
678 2405 749 2451 fuisse

79 2483 214 2537 erepturum.
244 2470 290 2527 Qut
306 2480 449 2533 posteaquam
466 2473 557 2519 domum
573 2488 587 2517 a
603 2473 649 2517 suis
663 2469 750 2516 civibus

80 2546 197 2587 revocatus
211 2542 254 2591 est,
270 2536 330 2597 quod
346 2536 423 2583 Boeoti
438 2544 461 2584 et
474 2537 625 2586 Athenienses
641 2532 749 2580 Lacedae·

80 2604 159 2661 moniis
172 2602 259 2655 bellurn
271 2600 403 2657 indixerant,
421 2600 505 2652 Conon
519 2599 589 2653 nihils
603 2597 680 2652 secius
691 2597 750 2666 spui
