1859 2917
165 138 199 183 44
356 126 406 181 xl.
424 124 645 180 temonem

165 260 434 329 oulpd[sud]mulerem
448 260 534 324 genitr
552 274 642 323 sesnpes·
657 258 753 309 condito
766 258 842 319 ιὶοῆς
923 167 926 310 d

165 336 298 391 tentumque
314 343 342 376 eo
359 327 435 382 vsiuit,
451 334 478 375 ut
491 325 564 373 mults
571 325 596 371 in
607 340 632 373 re
641 323 741 379 militari,
755 326 842 387 pertin

162 410 225 443 -novs
242 393 347 447 attulerit,
362 392 444 455 purtim
459 389 645 438 meliorsfeoerit.
679 388 850 453 Namquettte,

163 460 275 523 pedestria
286 473 348 505 unns
362 457 465 511 mutavit,
478 472 530 503 eum
540 463 594 503 onte
603 455 666 502 illum
676 454 838 517 impensum

165 525 269 573 maximis
283 523 374 585 clypeis,
386 522 491 571 smum
501 521 578 575 hastis,
589 520 683 567 minutis
693 519 776 582 gustis
786 527 838 567 uts-

165 596 249 637 rentur.
285 587 328 641 Ille
344 604 357 635 e
374 588 486 635 contrario
499 587 583 649 pelmn
595 600 638 648 pro
743 583 801 631 feeit
811 586 839 649 (ι

164 668 209 715 quo
217 660 296 715 postes
301 652 408 714 pultostoe
419 653 506 715 pedites
513 650 651 714 sppellnntur
664 681 671 702 ,
683 656 711 696 ut
719 649 749 696 sd
759 657 838 697 motus

163 734 330 779 concursusque
341 725 416 765 esseut
426 717 529 764 leviores.
564 714 648 762 Hsstae
657 714 751 761 modum
761 714 838 776 dupli·

163 784 237 831 cavit:
251 784 337 845 gladios
346 782 460 843 longiores
469 782 531 827 feeit.
560 778 625 826 Idem
633 794 707 841 genus
714 779 836 827 turim

164 849 265 902 mutsrit,
278 855 308 901 et,
321 862 361 908 pro
375 846 515 906 sertisstque
525 845 601 898 eneis
609 844 691 891 linteus
700 843 775 891 dedite
789 858 836 905 quo

163 912 223 959 lacto
238 911 385 974 expeditiores
399 910 482 957 milites
492 908 601 966 reddidit3
616 922 676 961 nsm,
686 906 786 969 pondere
796 908 837 957 de·

163 984 243 1032 tracto,
261 976 323 1038 quod
338 990 403 1037 aeque
418 990 501 1037 corpus
515 973 698 1037 tegeretetlevs
710 979 780 1028 esset,
795 986 837 1019 ou-

73 1054 77 1065 '
164 1042 228 1089 rsvit

196 1104 230 1152 11.
238 1105 329 1153 Bellum
337 1120 389 1152 eum
395 1102 613 1165 Thracibusgessits
627 1102 736 1156 sennen,
746 1102 835 1149 socius!

162 1170 343 1224 Atheniensium,
355 1170 379 1217 in
390 1184 486 1232 regnum
496 1168 602 1215 restituit·
619 1165 689 1229 Apud
697 1166 836 1215 Corinthum

162 1234 225 1284 tantd
236 1236 355 1283 severitate
364 1234 472 1281 exercitui
482 1232 579 1297 praefuit,
592 1239 618 1279 ut
625 1232 694 1279 nullse
701 1246 800 1292 unqusm
809 1232 834 1277 in

162 1300 255 1349 Graeoii
263 1315 335 1361 neque
342 1299 509 1346 exerdtstiores
516 1298 595 1360 sopire,
606 1312 681 1358 neque
690 1295 764 1359 magis
772 1296 834 1343 dioto

162 1366 277 1413 audientes
287 1365 370 1415 uenus
379 1364 444 1411 duci:
458 1364 482 1409 iu
492 1378 588 1423 eumque
596 1362 781 1409 eonsuetudinem
791 1361 834 1407 sd—

162 1430 235 1484 sluxit,
249 1436 282 1484 ut,
294 1444 346 1476 eum
356 1429 428 1491 proelii
440 1429 530 1491 signum
541 1429 570 1475 sb
578 1428 713 1489 imperatore
722 1433 782 1473 esset
792 1425 834 1474 ds·

162 1501 219 1549 tum,
237 1495 286 1541 sine
302 1494 365 1541 duois
381 1491 448 1556 operi
463 1493 496 1541 sic
511 1493 620 1539 ordiustae
632 1491 787 1544 consisterwt,
805 1496 834 1537 ut

161 1560 246 1621 singuli
256 1560 284 1606 sb
297 1558 431 1620 peritissimo
442 1559 575 1619 imperatore
585 1556 686 1619 dispositi
696 1556 835 1604 viderentur.

163 1624 218 1673 Hoc
226 1625 326 1672 exercitu
335 1624 431 1670 Moram
439 1622 663 1670 Lsoedaensonionsm
672 1618 802 1685 [intersepit
808 1619 832 1685 z]

161 1690 222 1751 quod
236 1690 334 1737 maxime
346 1686 395 1735 totis
410 1688 545 1735 celebratius
559 1695 595 1735 est
609 1684 708 1735 Graeeid.
742 1684 832 1753 Iterurn

159 1756 239 1803 eodem
254 1756 312 1803 bello
328 1769 407 1802 ornnes
417 1753 493 1815 oopius
502 1768 581 1799 eorum
591 1751 693 1814 fugavit:
712 1766 758 1813 quo
767 1751 831 1797 fsoto

160 1832 266 1881 magnum
274 1822 367 1882 adeptus
378 1825 413 1865 est
423 1818 526 1881 gloriam.
562 1816 622 1866 cum
633 1818 774 1863 Artsxerses
785 1814 832 1862 Ε-

159 1883 240 1945 gyptio
251 1885 299 1947 regi
313 1885 396 1931 bellum
404 1883 486 1930 inferre
493 1882 573 1936 voluit,
585 1880 712 1943 lphiorsten
720 1882 748 1928 sb
756 1880 833 1928 stus·

160 1948 273 1994 niensibus
291 1948 371 2010 petivit
389 1948 477 2002 duoem,
494 1962 562 2008 quem
643 1953 705 1993 seret
722 1945 832 1993 exercitui

160 2011 303 2067 conductitio,
321 2014 385 2075 eujus
401 2012 541 2059 numerusd
612 2012 617 2023 “
657 2011 753 2058 millium
768 2010 828 2057 suite

159 2092 226 2137 quern
253 2077 326 2124 uidem
338 2078 370 2124 sio
381 2079 443 2125 omni
453 2074 569 2138 disciplinri
579 2076 668 2123 militari
678 2075 781 2128 erudivit,
794 2082 829 2130 ut,

158 2156 225 2203 quem
278 2143 345 2190 odum
356 2143 469 2204 quondum
478 2142 582 2189 Fodions'
589 2142 673 2187 milites
680 2140 779 2187 Romani
788 2155 830 2201 np-

156 2206 232 2270 pellati
244 2216 302 2261 suut,
313 2208 345 2255 sio
355 2210 527 2269 Iphicratenses
537 2206 596 2269 apud
605 2206 700 2253 Graeoos
707 2205 731 2250 in
740 2202 830 2251 summi

156 2272 222 2319 lsude
239 2272 330 2319 suerint.
366 2272 438 2327 Idem,
459 2272 557 2319 subsidio
578 2269 756 2317 Lsoedaemoniis
775 2285 830 2334 pro-

154 2337 236 2392 fectus,
246 2336 412 2399 Epaminondae
420 2337 539 2385 retardavit
546 2332 672 2399 [incoeptus
679 2334 700 2400 ε]
710 2348 769 2387 num,
782 2334 827 2380 nisi

156 2404 204 2465 ejus
224 2403 333 2451 adventus
352 2401 557 2465 appropinquissset,
579 2414 626 2446 non
644 2400 706 2462 prius
724 2398 830 2446 Thebani

156 2464 237 2527 Spartri
255 2468 420 2523 abscessissent,
439 2482 506 2528 quum
525 2472 612 2529 captum
631 2464 734 2511 inpendio
753 2461 829 2511 dele's·

157 2538 215 2576 sent.

188 2592 237 2639 111.
257 2594 311 2643 Fuit
325 2604 400 2644 sutem
411 2602 433 2643 et
444 2596 519 2642 animo
533 2610 618 2657 magno
631 2600 654 2643 et
664 2610 765 2657 corpore,
783 2594 829 2639 im:

155 2657 309 2723 ventosique
323 2659 404 2719 sormi,
421 2666 447 2711 ut
457 2662 507 2726 ipso
516 2660 624 2726 suspectu
638 2660 710 2712 cedris
726 2660 830 2725 injiceret
