1859 2917
174 126 224 177 DE
241 130 322 181 SITU
338 134 447 195 onnts,
461 140 515 190 Lm.
529 141 578 211 111.
597 143 657 195 Cur.
669 152 692 198 9.
736 152 768 199 67

95 266 210 304 annorum
227 276 277 307 aevo
293 273 399 327 perpetua
415 269 510 325 durarit,
526 288 592 336 super
606 286 765 341 exaggeratam

95 321 168 366 variis
179 324 281 389 qdoribus
293 337 376 378 struem
388 334 428 380 sibi
439 335 488 397 ipsa
497 338 600 394 incubat
608 344 762 405 solviturque:

95 382 180 432 deinde
195 396 369 449 putrescentium
384 401 534 449 membrorum
549 407 599 451 tabe
610 422 764 461 concrescens.

93 446 146 507 ipsa
159 466 182 496 se
193 456 296 517 concipit,
309 466 375 519 atque
390 478 418 508 ex
434 480 459 511 se
475 482 550 515 rursus
565 472 691 519 enascitur:
711 490 763 521 curn

93 512 202 569 adolevit,
215 534 266 566 ossa
281 524 367 583 pristini
382 530 488 589 corporis.
504 532 589 588 inclusa
603 536 701 596 myrrha,
717 538 763 585 AE-

92 586 194 638 gyptum
211 594 320 645 exportat.
337 596 403 650 atque
418 594 441 638 in
458 596 518 649 urbe,
531 614 597 657 quarn
616 601 674 647 Solis
686 604 762 665 appel-

92 640 152 693 lant,
164 643 314 707 fragrantibus
326 656 400 701 archio
415 658 486 705 bustis
501 662 606 717 inferens,
618 669 762 714 memorando

90 703 175 754 funere
183 722 304 760 consecrat.
324 715 402 779 Ipsum
413 728 598 782 promontorium,
610 745 655 789 quo
666 731 689 777 id
699 748 760 781 mare

92 770 213 828 clauditur,
225 792 238 823 a
250 776 368 829 Cerauniis
377 786 470 835 saltibus
479 790 564 839 invium
575 800 617 839 est.

383 947 481 962 Q
544 962 547 968 .

218 1044 229 1105 Ι·
274 1035 333 1085 Car.
347 1037 588 1112 IX.-AEtln'opia.'

126 1157 248 1225 AEthiopes
266 1166 325 1216 ultra
341 1172 425 1229 sedent,
446 1175 544 1226 Mero'e'n
561 1175 649 1234 habent,
668 1188 758 1239 terram,

90 1237 162 1282 quarn
175 1225 249 1282 Nilus,
261 1233 333 1291 primo
344 1240 427 1285 ambitu
439 1244 560 1305 amplexus,
577 1246 672 1292 insulam
686 1248 755 1295 facit:

88 1302 153 1348 pars,
164 1292 215 1351 quia
225 1295 280 1340 vitae
288 1301 381 1359 spatium
391 1305 481 1353 dimidio
489 1309 534 1355 fere
542 1326 608 1370 quam
617 1326 659 1358 nos
667 1312 758 1373 longius

90 1361 173 1412 agunt,
191 1356 315 1419 Macrobii;
332 1381 390 1425 pars,
407 1370 458 1429 quia
474 1387 502 1418 ex
517 1374 621 1436 AEgypto
637 1375 756 1431 advenere,

89 1416 147 1462 dieti
163 1418 309 1483 Automoloe;
326 1431 412 1489 pulchri
427 1434 505 1490 formai,
522 1440 581 1498 aequi
597 1443 703 1502 corporis,
717 1458 758 1504 pa·

89 1495 187 1541 rumque
198 1491 296 1535 venerati
307 1508 367 1553 opes,
381 1494 461 1559 [veluti
473 1504 605 1563 optirnarum
621 1506 674 1552 alias
685 1506 758 1553 virtu-

88 1544 164 1610 tum]
182 1546 210 1593 In
221 1551 264 1598 iilis
275 1570 325 1603 mos
333 1566 374 1612 est,
384 1563 420 1607 cui
428 1566 567 1625 potissimum
576 1578 675 1631 pareant,
684 1573 758 1632 Specie
805 1584 806 1587 ’

88 1623 117 1655 ac
129 1610 212 1658 viribus
220 1615 303 1677 legere.
322 1621 390 1685 Apud
399 1628 439 1674 hos
451 1630 501 1691 plus
511 1634 559 1678 auri
569 1650 635 1698 quarn
645 1637 695 1681 aeris
704 1643 753 1683 est:

87 1672 149 1727 ideo,
162 1679 222 1737 quod
232 1683 306 1729 minus
316 1696 358 1741 est,
375 1693 493 1751 pretiosius
504 1706 603 1744 censent.
622 1699 680 1746 AEre
691 1714 758 1746 exor-

87 1745 180 1793 nantur,
189 1758 243 1790 auro
253 1748 341 1797 vincula
352 1756 449 1802 sontium
460 1758 574 1808 fabricant.
589 1762 634 1810 Est
644 1765 707 1810 locus
718 1781 759 1826 ap-

29 1822 30 1825 =
86 1804 173 1863 paratis
185 1809 255 1867 epulis
264 1827 351 1875 semper
362 1819 455 1868 refertus
461 1840 470 1880 3
487 1832 511 1871 et
520 1827 577 1885 quia,
590 1836 615 1874 ut
626 1829 685 1881 libet·
696 1830 757 1876 vessci

87 1866 218 1918 volentibus
231 1874 291 1929 licet,
306 1878 381 1927 Ἤλιου
397 1891 504 1943 Τραπιζαν
519 1893 646 1951 appellant3
663 1900 686 1939 et
705 1910 757 1955 quae

85 1933 171 1991 passim
180 1939 280 1997 apposita
288 1952 347 1997 sunt,
359 1948 471 1997 affirmant
481 1952 566 2001 innasci
574 1958 666 2005 subinde
674 1959 756 2005 divini·

87 2002 133 2041 tus.
154 1997 198 2045 Est
208 2002 276 2057 lacus,
287 2022 332 2066 quo
343 2012 432 2070 perfusa
442 2032 541 2079 corpora,
550 2023 611 2080 quasi
620 2031 694 2077 uncta,
703 2040 756 2085 pet·

87 2060 175 2108 nitent:
194 2065 275 2129 bibitur
285 2071 358 2131 iuem3
376 2078 431 2125 adeo
442 2088 477 2127 est
487 2084 589 2143 liquidus,
602 2095 631 2138 et,
644 2088 677 2143 ad
686 2089 754 2135 susti·

87 2126 162 2172 nenda
180 2144 230 2189 quae
247 2134 348 2184 incidunt
367 2149 405 2189 aut
424 2144 581 2203 immittuntur,
601 2151 709 2206 infirmas,
728 2161 755 2199 ut

84 2188 140 2236 folia
147 2193 220 2247 etiarn,
227 2200 334 2258 proximis
344 2201 428 2265 [decisa
435 2208 571 2279 frondibus]
578 2231 624 2261 non
632 2218 755 2265 innatantia

84 2254 149 2309 ferat,
163 2259 202 2304 sed
213 2276 302 2322 pessum
314 2276 337 2313 et
347 2272 435 2331 penitus
446 2278 546 2337 accipiat.
566 2281 625 2328 Sunt
636 2288 660 2327 et
675 2282 754 2328 saevis·

85 2320 150 2365 sirnae
166 2320 227 2379 ferre,
247 2331 308 2375 omni
324 2336 399 2383 colore
414 2341 470 2386 varii
486 2340 613 2403 Lycaones,
630 2355 660 2397 et,
677 2348 754 2407 (11111168

85 2386 219 2446 accepimus,
233 2392 352 2457 Sphinges.
373 2402 431 2449 Sunt
438 2406 502 2453 mirae
512 2424 565 2454 aves
577 2418 686 2464 cornutae,
695 2410 755 2456 Tra·

84 2463 193 2510 gopanes‚
206 2462 228 2500 et
237 2460 322 2517 equinis
335 2466 422 2512 auribus
435 2468 523 2531 Pegasi.
543 2471 658 2521 caeterum
668 2475 752 2521 orasad

84 2512 173 2561 Eurum
182 2524 323 2579 sequentibus
332 2523 542 2588 nilrii'memorabile
551 2540 655 2585 occurrit.
680 2536 752 2586 Vasta

85 2580 167 2630 omnia,
191 2586 260 2632 vastis
282 2594 375 2649 praecisa
394 2600 515 2652 montibus,
535 2602 589 2662 ripae
606 2604 681 2662 potius
700 2618 743 2649 sun

84 2657 150 2703 quam
164 2645 236 2705 litore.
256 2649 314 2703 Inde
328 2657 409 2720 ingens
424 2669 447 2709 et
463 2664 511 2711 sine
526 2666 648 2714 cultoribus
661 2676 754 2720 tractus.

62 2732 65 2737 ,
543 2744 560 2775 r
