1859 2917
166 102 199 145 80
253 95 303 145 DE
314 92 395 147 sl'w
406 93 516 152 onais,
533 93 631 144 anit
651 94 714 147 Car.
727 99 752 145 1.

165 227 264 275 Axiaces
282 226 398 287 proximus
413 226 473 273 intra
494 224 615 289 Callipidaa
635 228 785 289 Axiacamue
800 227 841 275 da·

163 291 258 339 ruendit.
273 290 327 337 Hos
337 292 365 338 ab
373 289 460 337 istricis
467 290 532 352 Tyra
538 300 639 353 separat3
650 294 728 354 surgit
737 294 763 339 in
775 292 842 339 Neu·

164 359 211 403 ris:
231 353 340 416 quierit,
354 357 388 402 soi
401 356 499 403 nominis
513 357 620 418 oppidum
630 358 740 419 attingit:
760 359 840 411 atille,

164 422 203 482 qui
215 421 314 481 Scythiae
325 420 420 482 populos
433 437 447 467 a
458 422 601 481 sequentibus
617 420 710 476 dirimit,
723 423 810 483 apertis
819 422 844 467 in

166 484 290 533 Germanii
300 485 404 538 fontibus,
418 485 470 539 alio,
481 501 549 546 quam
560 487 649 538 desinit,
659 488 756 533 nomine
767 488 844 533 exori-

164 558 209 597 tur.
228 549 290 595 Nam
296 561 340 611 per
350 550 456 595 immania
469 565 602 612 magnarum
617 552 723 612 gentium
739 552 781 597 diu
793 551 845 599 Da-

164 614 246 661 nubius
261 621 308 659 est:
328 614 414 667 deinde,
433 615 497 661 aliter
506 630 559 661 eum
574 616 740 676 appellantibus
750 616 844 668 accolis,

164 679 191 726 fit
202 678 278 736 Ister3
290 678 430 740 acceptisque
440 679 526 740 aliquot
536 681 646 734 amnibus,
658 680 744 741 ingens
749 682 811 742 Jam,
822 686 845 727 et

165 759 251 797 eorum,
269 743 307 804 qui
321 744 348 789 in
360 742 472 789 Nostrum
486 759 549 790 mare
559 744 672 797 decidunt,
684 741 778 791 tnntdm
790 744 847 791 Nilo
914 789 915 796 ,

166 808 248 862 minor,
268 808 362 854 totidem
378 816 434 867 quot
443 809 482 854 ille
499 810 570 862 ostiis,
589 810 629 855 sed
640 809 712 855 tribus
729 810 845 863 tenuibus,

167 872 257 934 reliquis
268 870 436 934 navigabilibus,
446 872 526 919 effluit.
546 872 643 934 Ingenia
652 873 846 935 cultusque'gen-

167 938 224 984 tium
236 936 348 983 differunt.
373 934 504 983 Essedones
516 936 596 983 funera
612 934 743 997 parentium
758 938 809 983 laeti
823 945 847 983 et

166 1002 265 1049 victimis
282 1016 308 1047 ac
324 1000 383 1047 testo
400 1001 461 1047 coitu
479 1001 621 1047 familiarium
640 1001 763 1047 celebrant.
786 1000 846 1050 Cor·
915 997 916 1018 ³

167 1081 223 1129 pora
239 1066 293 1128 ipsa,
309 1066 398 1118 laniata,
418 1072 442 1110 et
459 1066 525 1111 eaesis
540 1080 647 1127 pecorum
663 1066 793 1112 visceribus
804 1067 845 1112 im-

168 1132 246 1184 mixta,
262 1130 371 1191 epulando
383 1137 526 1175 consumunt.
552 1127 634 1191 Capita
644 1130 682 1175 abi
693 1128 757 1176 fabre
774 1146 845 1192 expo-

167 1192 245 1248 livere,
265 1210 319 1241 auro
340 1195 418 1241 vincta
430 1209 472 1255 pro
488 1194 575 1255 poculis
591 1201 683 1256 gerunt.
708 1194 774 1241 Haec
793 1203 845 1242 sunt

168 1260 228 1322 apud
238 1275 277 1307 eos
288 1261 348 1320 ipsos
358 1258 447 1320 pietatis
458 1259 537 1305 ultinra
552 1259 632 1305 officia
658 1259 791 1321 Agathyrsi
806 1276 845 1307 ora

168 1332 274 1384 artusque
285 1325 396 1385 pingunt;
414 1330 440 1368 ut
450 1323 534 1383 quique
547 1324 667 1384 majoribus
677 1332 799 1385 praestant,
815 1326 845 1372 ita
916 1347 917 1370 ι

168 1390 242 1451 magis
258 1390 295 1435 vel
311 1390 399 1444 minus,
418 1394 524 1441 caeterum
541 1388 620 1434 iisdem
638 1403 719 1435 omnes
734 1390 805 1443 notis,
822 1397 846 1437 et

170 1455 202 1501 sic
209 1462 234 1500 ut
240 1453 299 1499 ablui
306 1459 424 1513 nequeant.
436 1452 558 1507 Satarchae,
565 1454 613 1499 auri
620 1454 762 1515 argentique,
771 1454 847 1501 maxi-⁴

170 1533 257 1566 marum
273 1518 377 1579 pestium,
390 1518 469 1579 ignari,
487 1518 537 1564 vice
551 1532 626 1563 rerum
644 1519 782 1565 commercia
804 1534 845 1565 ex-

169 1590 261 1641 ercent;
273 1591 347 1643 atque,
359 1582 388 1628 ob
397 1597 457 1629 saeva
467 1582 547 1629 hiemis
555 1582 674 1629 admodum
685 1583 792 1637 assiduae,
805 1584 844 1630 da-

140 1672 143 1678 ·
169 1650 249 1696 mersis
260 1648 283 1694 in
299 1649 393 1694 humum
407 1647 502 1701 sedibus,
521 1662 600 1709 specus
614 1654 653 1694 aut
668 1647 767 1694 suffossa
782 1649 844 1695 habi-

122 1748 123 1751 =
170 1722 234 1772 tant3
247 1720 320 1760 totum
330 1712 428 1759 brachati
436 1726 524 1773 corpus,
534 1719 564 1766 et,
573 1712 617 1758 nisi
627 1708 764 1773 quivident,
776 1714 843 1759 etiam

171 1796 211 1826 ora
222 1779 303 1826 vestiti.
316 1776 395 1831 Tauri,
405 1775 530 1838 Iphigeniae
538 1785 561 1823 et
566 1776 654 1823 Orestis
660 1776 761 1823 adventu
770 1776 844 1824 maxi-

170 1860 208 1891 me
218 1843 342 1897 memorati,
355 1843 464 1888 immanes
481 1849 534 1887 sunt
550 1842 655 1894 monbec,
675 1842 844 1903 immanemque

170 1909 254 1956 famam
271 1909 358 1960 babent,
377 1907 449 1953 solere
465 1922 506 1967 pro
523 1907 620 1953 victimis
636 1907 735 1953 advenas
746 1907 841 1954 caedere·

172 1973 278 2020 Basilidis
295 1974 322 2019 ab
342 1970 444 2018 Hercule
465 1978 489 2017 et
507 1969 611 2018 Echidna
627 1972 719 2033 generis
735 1972 844 2035 principia

173 2045 233 2092 aunt,
245 2052 320 2083 mores
337 2037 400 2098 regii,
412 2051 475 2082 anne
489 2043 577 2082 tantum
593 2037 690 2099 sagittae.
717 2036 782 2099 Vagi
793 2036 843 2083 No-

171 2104 248 2151 mades
263 2117 369 2164 pecorum
380 2101 460 2162 pabula
474 2109 605 2161 sequuntur,
623 2109 698 2161 atque,
716 2109 742 2147 ut
752 2103 793 2149 illa
803 2103 843 2148 du·

170 2176 227 2221 rant,
241 2169 272 2216 ita
282 2168 320 2213 diu
331 2174 412 2213 statam
424 2167 499 2212 sedem
508 2173 586 2227 egunt.
606 2164 692 2213 Colunt
703 2166 794 2228 Georgi
804 2180 844 2214 ex·

170 2240 292 2293 ercentque
302 2246 376 2293 agros.
396 2230 498 2284 Axiacae,
516 2230 586 2277 furari
602 2231 655 2290 quid
667 2230 702 2282 sit,
720 2231 841 2291 ignorant:

170 2298 265 2357 ideoque
277 2310 319 2341 nec
328 2310 377 2340 ‹sua
393 2295 530 2348 custodiunt,
550 2310 592 2341 nee
607 2295 680 2341 aliena
696 2295 841 2356 contingunt.

170 2361 269 2408 Interius
281 2358 425 2405 habitantium
437 2358 493 2404 ritus
507 2359 612 2420 asperior,
626 2366 650 2404 et
663 2358 771 2404 incultior
782 2359 845 2420 regio

170 2433 213 2473 est.
237 2424 304 2470 Bella
318 2423 436 2481 caedesque
445 2430 535 2468 amant:
549 2438 644 2483 mosque
657 2430 692 2469 est
701 2422 844 2477 bellantibus,

170 2504 273 2535 cruorem
290 2488 353 2549 ejus,¹
369 2499 435 2545 quern
454 2487 552 2546 primum
571 2488 742 2539 interemerunt,
758 2487 813 2547 ipsis
831 2502 845 2533 e

169 2552 299 2601 vulneribus
307 2552 400 2597 ebibere.
418 2548 453 2594 Ut
463 2550 558 2610 quisque
566 2551 642 2612 piures
651 2551 799 2605 interemerit,
813 2552 848 2597 ita'

170 2616 228 2676 apud
243 2629 282 2659 eoa
294 2616 386 2661 habetur
397 2614 508 2659 eximius:
529 2622 645 2669 emta-rum,
661 2622 779 2677 expertem
795 2629 856 2663 asae*
