1859 2917
122 108 153 154 lt
195 99 245 151 DE
262 96 343 149 SITU
359 94 469 150 ORBIS,
486 89 577 142 ml.
594 87 657 139 en.
668 90 694 137 9·

184 288 245 340 Cur.
254 285 505 337 Ira-Particularia
515 285 582 342 Αιίφ
591 284 737 347 nampulo.

392 397 429 445 ΔΕ

157 486 222 535 uuo
235 488 308 549 prima
317 498 376 549 pars,
389 402 586 547 AEffiinter
596 481 768 532 Cambathmon
778 490 808 531 et

125 551 220 605 Arabas,
232 553 259 599 ab
270 553 313 599 lroe
323 552 390 597 litore
398 551 490 613 penitua
498 550 606 603 immiaaa,
617 548 689 595 donec
699 548 808 595 AEthio-

124 618 185 679 piam
202 617 269 663 dorso
284 617 408 677 contingat,
426 615 456 662 ad
473 614 594 660 Meridiem
608 613 699 675 refugit.
720 612 806 661 Terra

125 696 206 743 expers
216 682 326 734 imbrium,
338 682 394 727 mire
403 688 479 726 tamen
485 677 572 732 fertilia,
582 684 605 724 et
612 679 730 724 hominum
738 679 807 725 alio-

126 760 221 807 rumque
230 746 358 793 animalium
368 744 504 807 perfecunda
513 744 648 806 generatrix.
666 742 734 788 tulus
744 744 806 790 effi-

126 812 164 864 cit,
177 813 276 858 amnium
287 812 310 856 in
316 809 427 857 Nostrum
435 824 498 855 mare
504 809 666 871 permeantium
674 808 805 855 maximua.

128 874 183 929 Hic,
201 890 231 923 ex
244 876 337 922 desertio
352 874 439 921 Africae
452 875 542 926 missua,
555 887 597 919 nec
607 873 683 919 atatim
693 873 804 935 navigari

127 938 206 994 facilis,
224 954 266 986 nec
284 940 359 986 statim
376 938 445 985 Nilus
461 946 510 985 ecte
528 944 559 991 et,
576 952 629 983 cum
645 937 683 983 diu
699 938 803 999 aimplex

128 1002 801 1131 :tuffttutllptttfflu'ultutffi

129 1134 260 1188 Astabores,
273 1132 342 1181 uteru
352 1135 439 1195 Astape
447 1134 520 1179 dictua
530 1139 572 1179 eat
597 1131 644 1177 Ubi
654 1147 731 1177 mraua
741 1133 799 1188 coit,

129 1199 159 1245 ibi
170 1214 253 1245 nomen
263 1201 307 1245 hoc
317 1200 383 1261 capit.
413 1197 478 1251 Inde,
489 1198 570 1259 partim
581 1211 652 1258 asper,
664 1196 745 1258 partim
755 1213 801 1245 na-

129 1264 192 1326 vigia
206 1264 300 1325 patiens,
320 1264 344 1309 in
362 1265 483 1309 immanem
497 1263 571 1309 lacum
587 1262 692 1318 devenit3
709 1276 739 1307 ex
752 1278 801 1323 quo

129 1329 456 1440 iii⁰d¹‘{l¹¹¹idi?gl‘³⁸¹¹3'
472 1326 802 1453 {deflsslliinff‘ffi

131 1408 281 1519 AEgyptiam?
291 1424 356 1504 atrodt
371 1408 443 1504 adddc
457 1456 592 1517 fervensque
608 1424 714 1503 decurrit.
736 1456 800 1505 Tum

131 1522 222 1569 demum
239 1522 353 1585 placidior,
370 1530 394 1569 et
406 1524 455 1585 jam
470 1523 529 1568 bene
544 1521 682 1583 navigabilia,
700 1522 801 1583 primum

127 1587 195 1649 juxta
206 1586 354 1636 Cerceiorum
365 1588 471 1649 oppidum
481 1587 565 1649 triplex
572 1600 623 1633 eaae
632 1586 717 1648 incipit.
748 1586 803 1635 De-

131 1652 184 1699 inde
194 1653 275 1700 iterum
286 1654 412 1713 iterumque
422 1652 507 1699 uvion
517 1651 546 1698 ad
557 1650 629 1697 Delta
642 1658 666 1697 et
676 1651 705 1697 ad
715 1650 801 1708 Melia,

132 1717 151 1763 it
160 1734 201 1780 per
211 1734 301 1765 omnem
312 1718 441 1781 AEgyptum
452 1732 525 1779 vagua
535 1724 603 1776 atque
609 1716 722 1777 diaperarm
728 1732 737 1774 ;
750 1732 804 1781 nep-

133 1789 224 1844 temque
238 1783 262 1829 in
278 1799 317 1830 ora
333 1798 358 1830 re
372 1782 483 1836 scindens,
499 1781 595 1843 singulia
608 1788 684 1828 tamen
698 1783 800 1843 grandin,

132 1848 252 1895 evolvitur.
281 1846 337 1894 Non
358 1854 457 1909 pererrat
478 1854 554 1893 autem
572 1851 660 1893 tantum
679 1862 739 1902 eam,
762 1850 803 1896 aed

133 1913 214 1960 aertivo
225 1912 296 1959 uidere
306 1912 422 1959 exundans
432 1912 501 1959 etiam
511 1912 596 1974 irrigat,
608 1912 664 1958 adeo
674 1911 803 1961 effioamlua

133 1978 197 2039 aquia
204 1977 233 2024 ad
240 1978 393 2039 generandum
403 1978 559 2038 alendumque,
571 1982 603 2030 ut,
615 1984 699 2037 praeter
708 1978 733 2023 id
741 1980 803 2039 quod

134 2048 205 2089 scatet
223 2042 328 2105 piacibur,
339 2042 412 2104 'quod
432 2044 603 2105 hippopotamos
624 2041 801 2105 crocodilosque,

133 2114 209 2155 vastae
219 2106 310 2161 belluas,
325 2107 407 2169 gignit,
423 2108 495 2169 glebis
508 2107 576 2154 etiam
589 2104 693 2153 infundat
707 2109 801 2164 animae,

133 2169 535 2234 exipaiquehumoiitaliaeffingat
554 2170 802 2221 Hoeeomaniseatunr
923 2179 924 2214 l

134 2243 176 2290 est,
194 2236 260 2297 quod,
279 2236 316 2281 ubi
326 2236 412 2282 sedavit
422 2237 512 2289 diluvia,
523 2251 550 2283 ac
561 2251 586 2282 ae
596 2236 638 2282 n‘bi
648 2236 751 2292 reddidit,
762 2254 803 2301 per
873 2282 876 2291 ,

133 2302 253 2347 humentes
263 2314 354 2361 campos
365 2301 467 2361 quaedam
475 2301 575 2347 nondum
582 2300 682 2361 perfecta
689 2302 801 2360 animalia,

134 2365 174 2410 aed
182 2372 231 2411 tum
241 2365 338 2426 primum
349 2365 479 2425 accipientia
488 2365 598 2426 spiritum,
610 2372 634 2411 et
643 2380 673 2411 ex
682 2374 747 2428 perte
752 2370 800 2431 jam

132 2427 236 2482 formata,
253 2442 283 2475 ex
296 2435 359 2491 perte
373 2428 445 2475 adhuc
459 2437 555 2483 terrena,
570 2431 681 2476 visuntur.
712 2428 802 2479 Crescit

133 2506 208 2553 porro,
226 2493 274 2539 eive
290 2493 351 2553 quod
368 2492 448 2539 rolutae
464 2494 554 2553 magnia
571 2491 663 2541 metibus
681 2494 753 2550 nivea,
772 2512 800 2545 ex

133 2554 266 2603 immanibua
277 2556 478 2618 AEthiopiaejugia,
493 2558 579 2619 largius
589 2574 656 2618 quam
667 2559 721 2622 ripia
731 2562 800 2623 accipi

70 2660 75 2668 ,
132 2624 221 2677 queant,
233 2618 334 2667 defluunt
340 2636 348 2678 ς
367 2621 415 2669 eive
424 2621 485 2681 quod
496 2622 530 2668 acl
540 2622 614 2671 hieme
625 2624 690 2671 terria
700 2626 797 2688 propior,
