1859 2917
158 100 191 145 48
337 97 413 149 1111.
430 96 649 163 umornuua

190 224 226 274 ΙΙ,
240 224 312 283 Ihm,
321 217 389 277 classi
397 228 525 292 prefectus,
531 228 704 282 circuuvdm
712 226 830 293 Pelopon·

158 304 246 345 naum,
259 291 387 341 Laconicen
396 294 524 357 populatus,
534 296 629 346 classen
638 304 719 341 eornm
728 294 827 357 fugavit.

159 353 284 418 corcyram
298 360 340 406 sub
353 360 472 421 imperium
482 360 654 413 Atheuimsium
668 360 770 421 redegit:
787 374 829 406 so-

159 421 250 483 ciosque
256 422 316 469 iden
324 424 424 485 adjunxit
432 423 546 486 Epirotas,
555 425 701 477 Athsmmss»
711 423 828 479 Chaonas,

157 495 429 600 mmm
435 488 828 608 immori-t

159 622 184 661 et
194 613 235 661 suh
249 623 329 678 sponte
343 618 517 665 Atheniensrhus
531 619 618 679 imperii
628 618 734 665 maritimi
744 618 830 679 princi·

158 686 235 742 patum
244 688 415 738 concesserunt3
432 697 554 743 pacemque
564 683 600 728 his
606 682 694 744 iegibus
703 682 830 729 constitue·

159 750 218 798 ruut,
228 751 255 791 ut
262 745 412 793 Athenienses
420 746 477 792 meri
484 747 554 793 duces
560 754 643 792 essent.
663 745 830 799 Quaesictoris

159 815 230 857 tonte
239 808 282 856 suit
293 810 375 857 Atticis
389 810 482 863 letitie.
499 817 524 857 ut
539 817 588 857 tum
602 810 699 871 primum
713 826 760 857 arse
771 810 830 866 Psoi

101 874 104 882 '
158 874 246 936 publice
254 874 299 921 sint
305 873 379 929 factm,
393 874 457 935 eique
468 874 529 923 Deae
538 874 641 937 pulvinar
651 875 681 921 sit
689 875 829 921 institutum.

158 936 233 1000 Cujus
244 938 315 985 laudis
326 946 353 985 ut
361 938 471 985 memoria
480 946 588 994 maneret,
604 938 726 986 Timotheo
739 940 830 1001 puhlioe

158 1008 255 1051 statuum
269 1001 357 1050 infore
371 1010 509 1065 posuerunt:
526 1004 565 1065 qui
575 1004 648 1050 honos
661 1004 714 1050 huic
724 1004 763 1050 uni
773 1012 828 1051 ante

157 1068 203 1117 hoc
217 1073 306 1129 tempus
318 1068 421 1130 contigit,
438 1075 471 1121 ut,
486 1080 539 1115 cum
549 1068 607 1130 patri
616 1069 713 1131 populus
728 1075 828 1115 statuam

158 1131 277 1193 posuisset,
288 1131 336 1179 filio
345 1148 434 1194 quoque
444 1132 514 1194 daret
525 1188 529 1193 ,
542 1133 581 1181 Sic
587 1134 655 1195 juxta
663 1133 737 1195 posita
746 1148 828 1181 recens

158 1194 205 1249 tilii,
217 1205 317 1245 veterem
324 1197 393 1259 patris
404 1198 521 1244 renovavit
530 1198 668 1245 memoriam.

191 1258 239 1309 111.
257 1261 304 1308 Hic
319 1277 370 1309 cum
386 1268 446 1309 esset
461 1276 546 1324 magno
561 1270 622 1317 natu
639 1271 664 1309 et
678 1264 825 1325 magistratus

157 1338 237 1389 gerere
244 1322 348 1381 desisset,
357 1326 415 1374 bello
422 1327 574 1374 Athenienses
584 1327 681 1389 undique
690 1328 761 1389 premi
772 1336 827 1375 aunt
914 1337 915 1374 ξ

158 1390 234 1451 coepti.
266 1389 389 1438 Defecerat
406 1391 502 1449 Samus;
519 1392 627 1439 descierat
645 1392 825 1454 Hellespontum
914 1425 915 1430 ,

158 1453 274 1517 Philippus
285 1455 333 1517 jam
348 1462 397 1503 tum
411 1456 488 1503 valens
500 1453 621 1520 [Macedo]
632 1457 704 1504 multa
717 1458 826 1503 molieba-

157 1526 209 1567 tur:
228 1519 264 1565 cui
276 1520 390 1581 oppositus
401 1518 488 1569 Chares
499 1536 551 1567 cum
561 1528 628 1575 esset,
640 1536 686 1568 non
697 1522 752 1568 satis
761 1521 786 1568 in
797 1536 825 1568 eo
914 1565 915 1582 ¹

173 1583 254 1630 raesidii
272 1585 396 1646 putabatur.
431 1584 471 1632 Fit
488 1586 637 1633 Menestheus
654 1593 745 1647 praetor,
764 1586 826 1633 filius

157 1599 286 1711 iphicratin
298 1649 488 1711 geuer'I'rmothei
494 1666 502 1707 ς
514 1657 545 1705 et,
556 1658 582 1697 ut
592 1651 621 1696 ad
630 1652 713 1697 bellum
723 1650 826 1712 proficis-

157 1721 228 1768 catur,
240 1714 372 1761 decernitur·
401 1713 465 1761 Huic
475 1715 499 1761 in
507 1716 624 1761 consilium
634 1714 716 1762 dautrrr
725 1716 771 1761 duo
782 1730 826 1762 usu

107 1802 110 1805 ·
157 1777 308 1840 sopientihque
321 1785 459 1841 praestantes,
478 1776 584 1841 [quorum
599 1780 692 1827 consilio
702 1778 825 1843 uteretur,]

156 1850 221 1905 peter
236 1850 260 1890 et
275 1858 353 1901 socer3
370 1843 464 1906 quodie
476 1845 510 1890 his
520 1851 583 1891 muta
592 1851 640 1891 erat
653 1844 781 1898 auctoritas,
797 1852 826 1891 ut

158 1910 743 1971 magnaspesessetpereosumissaposserecu
806 1908 813 1921 ⁴

158 1969 194 2019 Hi
211 1986 263 2017 cunr
280 1971 372 2019 Samum
387 1972 481 2035 profecti
495 1979 578 2028 essent,
593 1981 619 2021 et
630 1974 711 2021 eodem

157 2035 255 2083 adventu
266 2051 345 2083 eorum
355 2038 457 2099 cognito,
471 2053 523 2085 cum
535 2039 582 2084 suis
591 2038 662 2100 copiis
671 2036 826 2101 proficiscere.-

156 2106 201 2153 tur,
214 2115 243 2147 ne
251 2100 303 2161 quid
309 2102 399 2148 absente
407 2118 432 2149 se
437 2109 527 2165 gestum
535 2103 662 2160 videretur3
673 2103 759 2156 accidit,
770 2116 825 2149 cum

153 2164 186 2214 ed
193 2164 287 2212 insulam
298 2167 505 2229 appropinquarent,
518 2173 544 2214 ut
554 2181 638 2230 magna
647 2174 768 2229 tempestas
778 2166 825 2213 ori·-

157 2236 232 2277 retur:
252 2245 318 2291 quam
329 2232 413 2279 evitare
423 2233 468 2279 duo
475 2239 563 2280 veteres
573 2232 717 2295 imperatores
725 2232 780 2278 utile
787 2246 825 2277 ar-

101 2310 104 2315 ·
156 2294 238 2349 bitrati,
245 2310 309 2342 suern
317 2296 411 2343 classem
420 2304 596 2360 suppresserunt.
615 2296 700 2350 Atille,
708 2293 826 2343 temerarii

152 2375 211 2408 usus
221 2360 314 2414 ratione,
323 2375 370 2407 non
380 2362 448 2409 cessit
458 2364 567 2425 majorum
575 2368 630 2409 netu
640 2361 766 2408 auctoritati
772 2376 781 2417 ;
792 2369 824 2413 et,

155 2430 183 2471 ut
190 2424 213 2471 in
222 2424 263 2472 suit
270 2425 322 2472 navi
329 2432 389 2473 esset
395 2426 493 2481 fortuna,
499 2442 544 2488 quo
552 2426 703 2480 contenderat,
710 2425 825 2487 pervenite

72 2531 75 2541 .
152 2489 280 2553 *eodemque
296 2497 322 2537 ut
339 2497 492 2551 sequerentur,
511 2492 540 2537 ad
555 2490 700 2538 Tunotheum
719 2497 744 2537 et
761 2487 826 2549 Iphi-

156 2560 234 2599 craten
251 2554 355 2607 nuntium
372 2555 439 2601 misit.
473 2553 538 2602 Hine
552 2556 611 2603 male
630 2570 658 2602 re
671 2552 744 2616 gesti.
761 2567 826 2599 eom·

158 2614 257 2676 pluribus
268 2619 355 2666 arnissis
366 2620 465 2675 nsviws,
478 2617 636 2675 tortormentis
646 2626 695 2667 erat
702 2615 825 2687 profectus.
