1859 2917
175 122 212 165 {0
266 117 316 165 DE
332 115 414 165 SITU
429 114 540 169 oms,
557 114 610 163 Ltu-
624 114 646 161 1.
664 112 726 163 Car.
739 119 764 161 6.

174 246 223 307 jam
234 258 296 291 mare
312 244 379 289 latina
392 242 501 297 tunditur,
513 244 675 303 mbmotasquc'
681 244 768 290 vastius
778 234 845 289 terrai

178 323 263 370 magno
274 309 358 369 impetu
366 306 467 355 inflectit.
498 306 615 355 Caeterum
625 308 690 369 regio
700 308 812 369 ignobilis,
822 315 844 353 et
857 316 869 337 '⁸

177 374 218 419 vix
228 372 348 434 quidquam
359 373 445 418 illustre
456 373 542 424 sortita,
550 373 626 433 parvis
633 372 722 434 oppidis
730 372 844 424 habitam,

177 453 248 499 parva
258 436 352 483 flumina
361 437 451 489 mittit,
463 438 513 483 solo
523 452 590 497 quam
601 437 655 483 viris
665 437 754 489 melior,
764 443 788 483 et
799 452 846 497 seg·

179 500 235 551 uitii
244 503 320 563 gentis
331 503 431 547 obscura.
458 500 498 547 Ex
512 502 547 546 bis
557 509 635 547 men
644 517 698 561 quae
708 516 846 547 commemo-

179 574 289 613 rare'non
304 566 375 627 piget,
391 572 481 612 montes
491 574 545 611 sunt
555 566 603 619 alti,
615 568 661 626 qui,
673 567 818 611 continenter
827 570 848 611 et

180 631 243 689 quasi
259 631 287 676 de
301 629 409 675 industria
419 630 443 675 in
454 629 555 675 ordinem
565 631 669 692 expositi,
682 632 710 675 ob
722 645 848 683 numerum,

180 696 280 755 Septem,
293 696 322 740 ob
330 694 503 747 similitudinem,
511 693 610 748 Fratres,
617 702 794 756 nuncupantur3
805 694 849 741 Tass

120 786 122 791 ·
180 760 248 805 muda
262 758 352 808 fluvius.
368 767 392 805 et
407 758 506 805 Rusadir
519 767 543 805 et
558 759 620 821 Siga,
635 774 714 820 parvae
728 760 813 814 urbes;
829 765 850 805 et

179 831 265 885 portus,
284 825 320 870 oui
335 823 424 885 Magno
435 830 470 869 est
480 838 608 885 cognomen
618 825 647 869 ob
657 824 764 885 spatium.
796 823 850 869 Mu·

180 888 247 935 lucba
257 889 301 941 ille,
317 903 383 948 quem
398 888 503 941 diximus,
519 889 592 934 amnis
605 895 647 941 est,
664 904 726 934 nunc
737 888 848 949 gentium,

180 953 234 999 olim
250 967 370 1015 regnorum
386 968 476 1013 quoquc
490 954 606 1007 terminus,
617 952 706 1000 Bocchi
715 952 852 1015 Jugurthae-

180 1032 231 1079 que.

367 1270 430 1321 Car.
440 1272 487 1318 VI.
493 1272 657 1320 ..Numina

213 1403 252 1451 Ab
266 1418 294 1449 eo
308 1401 417 1449 Numidia
432 1403 460 1449 ad
475 1402 533 1464 ripas
552 1400 654 1462 exposita
672 1397 775 1445 fluminis
793 1399 851 1446 Am-

88 1498 91 1504 ·
180 1469 249 1531 praei,
267 1469 338 1531 spatio
353 1468 442 1528 quidem
452 1482 519 1527 quam
531 1465 668 1529 Mauritania
678 1464 799 1525 angustior
809 1471 849 1517 est,

181 1547 260 1579 verum
271 1541 295 1579 et
305 1533 365 1579 culta
375 1532 447 1593 magis
458 1540 482 1579 et
492 1532 566 1577 ditior.
590 1529 696 1582 Urbium,
708 1544 765 1589 quas
776 1529 849 1585 habet,

180 1598 287 1645 maximae
298 1604 357 1650 sunt,
371 1595 435 1644 Cirta
445 1596 523 1658 procul
533 1610 547 1641 a
556 1594 619 1648 mari,
632 1608 692 1639 nunc
702 1593 849 1639 Sittianorum

181 1663 284 1721 colonia;
301 1662 412 1723 quondam
428 1677 506 1723 regum
522 1660 610 1713 domus,
624 1665 655 1712 et,
673 1658 786 1719 Syphacis
800 1672 850 1705 cum

180 1726 247 1780 foret,
264 1727 443 1789 opulentissima:
464 1725 501 1771 Iol
521 1724 549 1770 ad
564 1740 633 1777 mare,
650 1723 771 1783 aliquando
786 1722 851 1783 igno-

181 1791 246 1849 bilis3
263 1807 331 1845 nuuc,
348 1793 400 1851 quia
409 1790 477 1839 Jubae
491 1789 554 1851 regia
567 1788 617 1841 fuit,
629 1794 653 1833 et
667 1786 728 1847 quod
743 1785 849 1833 Caesarea

181 1857 299 1909 vocitatur,
315 1856 415 1903 illustris.
440 1854 504 1903 Citra
517 1855 575 1900 banc
587 1852 684 1915 (namin
695 1851 771 1897 medio
781 1850 850 1897 ferme

180 1920 247 1967 litore
264 1921 306 1967 sita
319 1919 364 1979 cst)
378 1918 487 1967 Cartinna
502 1925 525 1965 et
540 1918 640 1966 Arsinna
655 1922 708 1963 sunt
723 1916 813 1977 oppida,
828 1922 851 1961 et
911 1967 912 1970 Ἴ

182 1983 262 2037 Quiza
272 1986 394 2037 castellum,
407 1994 429 2030 et
444 1984 544 2030 Laturus
558 1983 627 2035 sinus,
639 1988 663 2028 et
674 1980 795 2027 Sardabale
809 1978 850 2025 flu-

182 2049 245 2095 vius:
272 2050 337 2102 ultra,
357 2050 520 2095 monimentum
540 2061 659 2093 commune
677 2046 748 2106 regiae
767 2045 847 2108 gentis,

123 2138 127 2145 ·
182 2113 263 2159 deinde
277 2112 375 2163 Icosium
392 2120 414 2158 et
429 2112 535 2159 Rutbisia
549 2113 622 2165 urbes,
639 2117 662 2156 et
677 2108 775 2155 fluentes
792 2110 848 2155 inter
911 2129 912 2132 ¹

180 2192 219 2226 eas
231 2178 310 2224 Avens
321 2186 344 2223 et
353 2177 436 2231 Nabar,
448 2177 535 2237 aliaque
545 2191 596 2236 quae
603 2174 671 2221 taceri
680 2174 767 2219 nullum
776 2188 847 2219 rerum
911 2225 912 2234 γ

181 2240 278 2288 famaeve
296 2242 434 2303 dispendium
452 2250 494 2286 est.
519 2240 624 2292 Interius,
642 2246 666 2283 et
680 2238 750 2299 longe
767 2239 848 2283 satisa

181 2306 254 2358 litore,
273 2306 302 2367 (si
318 2306 384 2351 fidem
401 2321 435 2350 res
450 2304 520 2365 capit)
536 2305 618 2350 mirum
629 2302 768 2355 admodum,
781 2302 848 2363 spinae
911 2357 912 2364 ἵ

181 2370 283 2431 piscium,
302 2371 411 2415 muricum
423 2376 590 2428 ostrearumque
602 2367 737 2427 fragmenta,
752 2381 806 2413 saxa
816 2373 848 2411 at·
911 2371 912 2428 l

182 2434 234 2479 trita
251 2434 293 2496 (uti
310 2432 393 2491 solent)
410 2432 521 2485 fluctibus,
538 2440 561 2477 et
573 2430 630 2493 [non
644 2430 770 2477 differentia
783 2430 847 2475 mari-
911 2437 912 2442 ’

182 2496 237 2559 uis]
253 2498 329 2543 infixae
344 2498 444 2543 cautibus
458 2511 554 2548 ancorae,
570 2504 594 2541 et
608 2496 651 2540 alia
665 2494 775 2556 ejusmodi
787 2496 848 2556 signa
911 2507 912 2512 ¹

179 2566 248 2618 atque
258 2562 353 2621 vestigia
364 2559 428 2605 effusi
439 2560 492 2604 olim
506 2575 578 2619 usque
592 2558 620 2604 ad
634 2574 661 2605 ea
670 2559 720 2604 lom
730 2558 812 2619 pelagi,
824 2558 845 2603 in

180 2624 264 2683 campis
275 2624 329 2677 nihil
339 2624 448 2671 alentibus
458 2638 509 2673 asse
518 2622 657 2682 invenirique
667 2631 794 2671 narrantur.
