1859 2917
155 132 188 177 24
336 126 396 175 vn.
410 124 630 176 ALCIBIADES.

155 257 303 312 Phuashaai,
310 258 403 321 satrapis
410 258 474 321 regii.
492 255 827 323 &amyntam-

154 323 228 371 l'sctus
238 324 322 377 classis,
337 324 361 369 in
372 324 430 371 bello
447 324 517 371 multa
532 324 650 371 crudeliter
664 339 776 387 avareque
786 327 828 374 ἰο-

156 390 229 442 eisset.
242 389 313 449 deque
320 388 355 434 his
365 388 430 435 rebus
441 388 589 450 suspicaretur
596 388 624 435 ad
634 389 695 435 cives
706 405 761 436 suos
771 406 828 439 esse

155 454 273 516 perlatum,
281 451 345 514 petiit
356 467 369 498 a
378 452 530 506 Phfflahazo,
541 460 566 499 ut
573 454 601 499 ad
609 454 704 515 ephoros
711 455 752 501 sssri
759 454 830 502 testi-

157 519 257 566 monium
268 517 336 569 daret,
349 515 430 577 quanti
441 518 558 563 sanctitate
564 517 647 564 bellum
654 518 771 579 gessisset,
785 536 829 567 so·

157 585 249 642 ciosque
265 580 388 634 tractisset,
407 582 479 641 deque
497 579 524 627 si
542 596 567 628 rs
585 590 688 629 accumte
702 584 826 633 scriberet:

158 660 263 709 magnsm
278 646 338 691 enlm
355 646 403 709 eJus
420 646 574 692 auctoritatem
590 646 614 691 in
633 644 660 693 ed
676 662 700 693 re
712 646 825 696 futuram.

160 710 224 759 Huic
233 711 271 757 ills
280 711 398 757 hheraliter
407 710 539 773 pollicetur:
551 710 632 756 hhrurn
642 726 735 772 gravem
746 714 830 762 multis

159 776 232 823 versis
242 775 380 837 conscripsit,
395 775 419 820 in
434 789 479 835 quo
493 775 586 821 summis
596 790 648 821 eum
658 774 702 822 sert
711 774 826 825 lsudrhus.

159 840 235 895 Quem
246 854 297 885 cum
307 840 399 901 legisset
405 836 570 901 probissetque.
581 839 635 885 dum
643 839 781 902 obsignatur,
794 842 833 889 al-

160 913 233 952 terum
243 904 290 965 pari
300 902 460 965 magnitudine,
470 901 533 949 tanti
541 902 683 950 similitudine
693 912 719 951 ut
729 905 830 953 discerni

161 983 207 1015 non
222 975 305 1030 posset,
323 968 435 1029 signatum
452 967 551 1029 mlfiscit,
565 968 589 1011 ln
605 982 650 1027 quo
663 969 832 1019 accuratissima

160 1036 209 1097 eJus
225 1032 338 1079 avaritiam
356 1030 515 1093 perfidiasque
532 1028 653 1079 secusirat.
689 1030 753 1079 Hinc
774 1032 830 1096 Ly.

162 1096 242 1145 sander
252 1096 344 1141 domum
360 1110 411 1141 cum
422 1092 524 1147 redisset,
535 1102 652 1156 postquam
664 1095 692 1142 de
702 1096 748 1143 suis
759 1100 829 1148 rebus

146 1162 232 1225 ‚gestis
251 1160 309 1223 apud
326 1160 448 1207 msidmum
467 1160 701 1221 magistratumque
714 1162 826 1219 voluerat,
921 1159 922 1184 ¹

163 1226 256 1278 dixerat,
273 1224 394 1271 testimonii
409 1225 460 1270 loco
475 1223 579 1271 hhmma
591 1222 739 1271 Pharnabazo
749 1227 829 1279 datum
922 1227 923 1248 ¹

164 1290 261 1338 tradidit.
294 1287 371 1341 Hunc,
384 1290 487 1334 submoto
498 1287 624 1348 Lysandro,
636 1302 688 1335 oum
699 1291 776 1352 ephori
787 1307 830 1340 co.

164 1352 280 1418 gadssent.
292 1354 333 1414 ipsi
343 1352 463 1415 legendum
472 1351 586 1400 alodetum.
606 1351 643 1400 Ita
650 1353 688 1401 ille
697 1354 830 1418 imprudens

164 1420 213 1482 ipse
224 1432 277 1465 suus
286 1416 330 1463 fuit
339 1424 460 1465 accusator.

299 1692 379 1761 VII.
394 1690 693 1763 ALCIBIADES.

202 1862 223 1909 I.
242 1861 395 1915 Aucnisnzs,
418 1859 500 1910 cliniae
519 1860 585 1914 illius,
607 1859 833 1910 Atheniensis-

169 1926 199 1974 In
209 1928 252 1974 hoc
263 1933 348 1980 natura,
366 1926 419 1987 quid
429 1926 604 1987 efficereposait,
620 1927 709 1973 videtur
724 1936 829 1991 experta:

170 1998 258 2039 constat
267 1991 327 2037 enim
337 1991 397 2037 inter
407 2004 493 2043 omnes,
507 1991 545 2050 qui
556 1990 584 2036 de
594 2006 622 2037 ao
632 1993 747 2039 mensoria
755 1994 834 2055 prodi-

171 2056 258 2110 derunt,
276 2056 331 2103 nihil
345 2070 372 2103 eo
386 2054 455 2101 fuisse
469 2054 621 2108 excellentius,
639 2056 677 2102 vel
686 2057 710 2102 in
720 2057 781 2103 vitiis
795 2058 833 2106 vel

170 2197 261 2247 genere,
278 2184 378 2231 omnium
389 2185 462 2231 aetatis
473 2199 521 2231 suae
530 2185 603 2231 multo
611 2184 793 2240 formosissimus,
805 2186 835 2234 sd

171 2264 250 2297 omnes
264 2264 300 2297 res
310 2258 382 2312 aptus,
394 2250 524 2311 consilique
532 2250 612 2311 plenus
623 2250 730 2313 (namque
739 2251 836 2312 impers-

172 2323 208 2363 tor
223 2313 266 2361 fuit
282 2330 382 2361 summus
398 2322 421 2361 et
437 2315 492 2361 mari
508 2322 532 2361 et
548 2311 633 2375 terri);
650 2314 751 2367 dlsertus
770 2322 795 2361 ut
809 2315 835 2362 in

171 2380 249 2443 primis
259 2380 352 2426 dicando
363 2380 447 2427 valeret
457 2380 529 2442 (quod
539 2386 602 2425 tauta
612 2386 660 2425 erat
670 2378 836 2434 commendatio

172 2446 217 2491 oris
228 2452 295 2505 atque
305 2445 418 2497 orationis,
436 2452 461 2491 ut
472 2458 538 2489 neruo
549 2444 569 2489 ei
580 2442 673 2489 dicendo
682 2448 759 2503 posset
768 2445 837 2491 resis-

173 2506 247 2568 tere);
266 2506 361 2571 [dives]
372 2524 424 2555 cum
435 2516 523 2569 tempus
533 2514 642 2569 possessi,
653 2507 784 2560 laboriosus
795 2523 837 2569 pa·

173 2572 245 2627 tisun
261 2574 364 2626 liberalis,
378 2571 506 2634 splendidus
517 2568 574 2634 [non
584 2572 659 2617 minin
669 2572 693 2617 in
703 2570 757 2623 viti,
769 2584 841 2632 quam·

173 2634 261 2698 rictu];
278 2636 377 2692 affabilis,
393 2636 494 2690 blandus,
506 2636 642 2699 temporius
652 2636 792 2685 callidissime
802 2637 839 2685 in·
