1859 2917
183 115 216 159 68
255 109 305 161 DE
321 108 402 159 Sss'U
418 108 528 168 oms,
545 109 600 158 Ln-
610 108 661 158 111.
676 108 773 159 cmo.

213 239 316 289 Dubium
322 238 672 303 uliqumdiuluicesetneulnu
678 238 779 303 Pelagus
786 256 796 298 3
811 254 852 288 os-

180 313 272 370 peretne
286 305 359 353 Terrs
372 306 496 359 circuitum,
516 318 545 351 ou
562 302 682 367 [exhausto
696 304 781 370 fluctu]
799 306 850 353 sine

140 416 143 421 ,
181 371 226 418 line
241 386 266 417 se
280 370 358 417 Africo
373 371 516 417 extenderet:
535 384 621 423 verum,
633 370 675 416 etsi
688 368 776 417 Hunno
790 367 851 417 car-

178 435 331 499 thegiuiensis,
338 436 478 497 exploratum
485 433 851 496 missusssuiecumperOceeni

181 501 263 549 ostium
279 498 372 553 exisset,
387 514 493 561 megnsm
508 507 593 561 portem
608 500 657 560 ejus
672 500 848 553 circumvectos,

179 579 226 612 nou
237 579 262 611 se
272 565 327 611 meri
339 562 377 611 sed
387 570 514 610 commeatu
521 563 634 617 defecisse,
646 571 771 610 m-ontu
783 572 849 611 retu·

179 630 252 686 lerat3
269 636 292 676 et
305 628 416 675 Eudoxus
430 628 526 689 quidum,
538 642 631 674 ovorum
642 635 772 675 nostrorum
787 636 849 675 tern-

180 694 277 757 porlbus,
289 708 341 739 cum
353 691 478 739 Lethurum
489 707 565 755 regern
576 692 721 740 Alcmona
736 693 848 755 proflige-

180 766 222 812 ret,
231 758 328 804 Arabico
340 758 389 803 sinu
400 772 511 819 Qressus,
520 772 560 818 per
567 757 708 818 bocpelsgus
717 758 755 821 (ut
762 756 846 819 Nepos

177 819 285 881 affirmet)
296 821 373 869 Gades
387 836 457 882 usque
471 827 589 883 pervectus
599 828 647 878 ειη
664 821 715 868 ideo
730 823 779 884 ejus
795 838 845 869 ore

179 895 240 935 notre
255 893 307 933 sunt
324 883 404 946 aliqui.
427 885 487 932 Sunt
501 892 576 933 eutem
590 894 652 931 trous
666 901 700 940 ee,
711 902 764 947 quae
774 887 845 933 modo

179 953 267 999 deserte
281 950 384 1004 diximus,
396 950 452 996 muti
467 951 550 1012 populi,
563 957 586 996 et
599 950 678 1011 quibus
693 966 735 1012 pro
751 951 843 1013 eloquio

178 1023 247 1064 nutus
263 1021 312 1061 est:
330 1014 366 1061 ulii
382 1014 431 1061 sine
445 1029 502 1060 sono
516 1015 615 1076 linguae5
631 1015 668 1060 slii
683 1014 732 1061 sine
741 1015 843 1077 linguis;

177 1082 213 1129 alii
223 1080 290 1127 labris
300 1079 366 1125 etism
379 1080 549 1131 oohaerentibus,
565 1078 608 1124 uisi
620 1079 679 1139 quod
694 1081 735 1125 sub
751 1081 844 1127 nuribus

177 1143 267 1209 [cunm]
276 1142 397 1197 tistulsest,
408 1156 521 1205 perquam
527 1144 601 1190 bibere
608 1144 692 1195 avenis,
700 1150 731 1197 et,
741 1158 795 1190 eum
806 1145 843 1190 in-

176 1210 244 1259 cessit
256 1208 322 1255 libido
334 1207 445 1261 vescendi,
461 1223 532 1269 grone
546 1208 635 1269 singule
648 1206 740 1269 furgum
755 1210 841 1270 possin

175 1275 314 1321 nescentium
332 1273 448 1319 absorbere
464 1272 575 1318 dIcuotur.
598 1273 663 1327 Sunt,
681 1273 843 1334 quibuusute

174 1340 295 1387 sdveotum
310 1335 408 1391 Eudoxi,
423 1337 478 1383 odeo
494 1337 586 1398 ignotus
598 1336 658 1399 ignis
671 1334 721 1390 fuit,
738 1338 842 1399 ndeoqoe

172 1404 235 1453 visus
251 1402 333 1449 mirum
349 1401 373 1447 in
388 1401 480 1447 modum
497 1401 587 1462 placuit,
604 1408 630 1447 ut
648 1401 753 1463 amplecti
770 1404 843 1450 etim

172 1468 281 1519 flammas,
290 1472 314 1512 et
323 1464 422 1512 ardentio
432 1466 483 1512 sinu
493 1466 579 1520 obdere,
587 1465 659 1512 donec
666 1474 765 1520 noceret,
773 1482 842 1514 mex.

172 1536 218 1581 ime
227 1530 321 1579 libuerit.
338 1530 410 1591 Super
420 1545 459 1577 eos
466 1530 635 1591 grundislitoris
645 1529 718 1577 flexus
728 1532 840 1594 grmdem

171 1598 267 1645 insulem
277 1594 377 1647 includit,
389 1594 412 1640 ln
421 1592 465 1657 qui
476 1602 563 1641 tentum
572 1593 725 1642 seminaresse
736 1605 837 1651 mmm¹
916 1617 917 1624 ,

170 1671 220 1711 toto
231 1675 325 1723 corpore
335 1658 436 1713 hirsutus,
446 1666 470 1706 et
480 1659 528 1706 siue
536 1658 699 1706 coitumsriusn
707 1659 840 1723 sudsponuc
914 1657 916 1714 ξ

168 1726 292 1783 secundm
308 1722 580 1785 edeossperisefferisque
587 1724 692 1778 moribus,
700 1727 837 1785 utquaedm
913 1733 914 1758 l

168 1792 285 1844 contineri,
297 1804 326 1835 ne
341 1788 484 1841 reluctentur,
499 1789 539 1834 vix
553 1788 649 1835 vinculis
661 1789 757 1850 posn’ut.
780 1790 837 1838 Hoc

168 1856 255 1905 Hunno
266 1853 357 1909 retulit3
373 1859 402 1906 et,
414 1852 467 1915 quis
478 1852 577 1899 detracto
587 1853 667 1899 occisis
679 1854 742 1901 corio
756 1862 835 1917 pertu-

164 1923 227 1975 lerat,
240 1918 295 1966 fides
306 1918 379 1963 habite
389 1924 431 1963 est
450 1916 519 1965 Ultro
526 1919 586 1963 hunc
596 1917 677 1972 sinum,
687 1933 755 1965 mons
762 1921 830 1975 nitur,

179 1992 205 2033 ut
222 1983 298 2031 Graeci
317 1978 411 2041 vocent)
427 1989 486 2027 oron
501 1990 591 2045 οχημα,
611 1983 724 2043 perpetuis
743 1983 834 2047 igmffius

214 2054 254 2094 rut.
274 2046 342 2093 Ultrs
352 2054 460 2103 montem,
471 2045 530 2093 viret
545 2046 608 2092 collis
617 2046 688 2109 longo
699 2055 773 2095 unctu
783 2050 835 2095 lon·

166 2115 203 2179 gis
216 2112 316 2159 litoribus
330 2111 445 2162 obductus,
462 2111 524 2157 unde
532 2110 635 2157 visuntur
644 2118 748 2173 potentes
758 2115 833 2177 mugit

165 2177 244 2239 campi,
257 2190 323 2236 quam
335 2183 361 2220 ut
370 2175 464 2236 perspici
475 2174 568 2237 possint,
581 2173 670 2223 Panum
684 2177 832 2239 Satyrorum-

99 2254 100 2257 ’
164 2258 216 2304 que.
244 2238 307 2287 Hinc
322 2240 398 2299 opinio
412 2254 486 2285 csusae
500 2238 567 2286 iidem
580 2240 645 2302 cepit,
658 2242 727 2302 quod,
740 2258 794 2289 oum
805 2244 829 2291 io

163 2309 198 2353 his
205 2304 259 2352 nihil
267 2302 320 2350 culti
329 2304 364 2354 sit,
373 2302 442 2349 nullse
450 2304 595 2354 humandum
604 2306 675 2358 sedes,
688 2307 751 2353 nullu
760 2309 830 2355 vati·

61 2384 66 2395 ·
163 2372 209 2433 gis,
221 2367 317 2416 solitudo
328 2367 351 2411 in
357 2366 415 2413 diem
423 2375 494 2420 nuto,
506 2375 530 2414 et
537 2368 651 2416 silentium
659 2371 753 2425 vatius,
763 2379 831 2420 noete

162 2435 232 2481 crebri
243 2434 308 2493 ignes
318 2431 408 2483 micant,
426 2438 449 2477 et
459 2432 530 2478 veluti
540 2441 613 2481 cestro
623 2434 670 2481 lete
678 2436 779 2498 Jsceutio
792 2453 829 2483 os-

160 2497 295 2551 tenduntur;
304 2501 395 2555 crepent
401 2496 503 2554 cymbula
507 2502 530 2542 et
536 2506 655 2559 tympsus3
665 2499 829 2563 audiunturque

158 2562 219 2609 ubtae
226 2558 525 2619 sousntesmsjusbumsnis.
541 2561 609 2610 Tunc
616 2580 694 2612 rursus
700 2564 826 2627 AEthiopes,

158 2626 254 2688 acejum
266 2622 329 2676 dites,
340 2630 364 2668 ut
376 2622 398 2668 hi
409 2638 465 2684 quos
482 2625 587 2681 diximus,
601 2642 643 2676 neo
653 2629 686 2677 ite
696 2632 828 2693 oorpon'bru
