<?xml version="1.0" encoding="UTF-8"?>
<!DOCTYPE html PUBLIC "-//W3C//DTD XHTML 1.0 Transitional//EN"
    "http://www.w3.org/TR/xhtml1/DTD/xhtml1-transitional.dtd">
<html xmlns="http://www.w3.org/1999/xhtml" xml:lang="en" lang="en">
 <head>
  <title>
</title>
<meta http-equiv="Content-Type" content="text/html;charset=utf-8" />
  <meta name='ocr-system' content='tesseract 3.04.00' />
  <meta name='ocr-capabilities' content='ocr_page ocr_carea ocr_par ocr_line ocrx_word'/>
</head>
<body>
  <div class='ocr_page' id='page_1' title='image "./corneliineoptis00melagoog_0021.png"; bbox 0 0 1859 2917; ppageno 0'>
   <div class='ocr_carea' id='block_1_1' title="bbox 82 98 763 295">
    <p class='ocr_par' dir='ltr' id='par_1_1' title="bbox 82 98 763 295">
     <span class='ocr_line' id='line_1_1' title="bbox 261 98 755 167; baseline 0.002 -19"><span class='ocrx_word' id='word_1_1' title='bbox 261 98 297 149; x_wconf 84' lang='lat' dir='ltr'><strong>n.</strong></span> <span class='ocrx_word' id='word_1_2' title='bbox 314 98 589 167; x_wconf 71' lang='lat' dir='ltr'><strong>ruamssocsns</strong></span> <span class='ocrx_word' id='word_1_3' title='bbox 726 104 755 149; x_wconf 82' lang='lat' dir='ltr'><strong>n</strong></span> 
     </span>
     <span class='ocr_line' id='line_1_2' title="bbox 82 224 763 295; baseline 0.003 -22"><span class='ocrx_word' id='word_1_4' title='bbox 82 226 267 291; x_wconf 53' lang='lat' dir='ltr'><strong>pensasses</strong></span> <span class='ocrx_word' id='word_1_5' title='bbox 297 224 564 295; x_wconf 55' lang='lat' dir='ltr'><strong>inermum,</strong></span> <span class='ocrx_word' id='word_1_6' title='bbox 632 225 763 291; x_wconf 57' lang='lat' dir='ltr'><strong>erqo-o</strong></span> 
     </span>
    </p>
   </div>
   <div class='ocr_carea' id='block_1_2' title="bbox 67 288 808 871">
    <p class='ocr_par' dir='ltr' id='par_1_2' title="bbox 67 288 808 871">
     <span class='ocr_line' id='line_1_3' title="bbox 84 288 762 355; baseline 0.009 -18"><span class='ocrx_word' id='word_1_7' title='bbox 84 297 137 344; x_wconf 64' lang='lat' dir='ltr'><strong>ests,</strong></span> <span class='ocrx_word' id='word_1_8' title='bbox 159 305 213 337; x_wconf 80' lang='lat' dir='ltr'><strong>nam</strong></span> <span class='ocrx_word' id='word_1_9' title='bbox 223 288 395 346; x_wconf 72' lang='lat' dir='ltr'><strong>&#39;Ihemistocles</strong></span> <span class='ocrx_word' id='word_1_10' title='bbox 413 309 494 340; x_wconf 86' lang='lat' dir='ltr'><strong>verens</strong></span> <span class='ocrx_word' id='word_1_11' title='bbox 505 308 534 341; x_wconf 93' lang='lat' dir='ltr'><strong>ne</strong></span> <span class='ocrx_word' id='word_1_12' title='bbox 633 306 762 355; x_wconf 70' lang='lat' dir='ltr'><strong>persevera·</strong></span> 
     </span>
     <span class='ocr_line' id='line_1_4' title="bbox 84 354 762 421; baseline 0.007 -21"><span class='ocrx_word' id='word_1_13' title='bbox 84 362 131 408; x_wconf 80' lang='lat' dir='ltr'><strong>ret,</strong></span> <span class='ocrx_word' id='word_1_14' title='bbox 146 357 265 403; x_wconf 82' lang='lat' dir='ltr'>certiorem</span> <span class='ocrx_word' id='word_1_15' title='bbox 277 373 328 404; x_wconf 91' lang='lat' dir='ltr'><strong>eum</strong></span> <span class='ocrx_word' id='word_1_16' title='bbox 338 357 398 411; x_wconf 75' lang='lat' dir='ltr'><strong>fecit.</strong></span> <span class='ocrx_word' id='word_1_17' title='bbox 410 357 433 404; x_wconf 89' lang='lat' dir='ltr'><strong>id</strong></span> <span class='ocrx_word' id='word_1_18' title='bbox 444 358 488 421; x_wconf 80' lang='lat' dir='ltr'><strong>egi,</strong></span> <span class='ocrx_word' id='word_1_19' title='bbox 501 366 526 405; x_wconf 89' lang='lat' dir='ltr'><strong>nt</strong></span> <span class='ocrx_word' id='word_1_20' title='bbox 536 373 601 421; x_wconf 86' lang='lat' dir='ltr'><strong>pons,</strong></span> <span class='ocrx_word' id='word_1_21' title='bbox 613 373 678 419; x_wconf 88' lang='lat' dir='ltr'><strong>quem</strong></span> <span class='ocrx_word' id='word_1_22' title='bbox 689 354 727 403; x_wconf 91' lang='lat' dir='ltr'><strong>ille</strong></span> <span class='ocrx_word' id='word_1_23' title='bbox 738 356 762 405; x_wconf 79' lang='lat' dir='ltr'><strong>iu</strong></span> 
     </span>
     <span class='ocr_line' id='line_1_5' title="bbox 84 418 761 482; baseline 0.007 -17"><span class='ocrx_word' id='word_1_24' title='bbox 84 418 244 482; x_wconf 82' lang='lat' dir='ltr'><strong>Hellesponto</strong></span> <span class='ocrx_word' id='word_1_25' title='bbox 255 421 345 475; x_wconf 79' lang='lat' dir='ltr'><strong>fecerat,</strong></span> <span class='ocrx_word' id='word_1_26' title='bbox 357 422 522 477; x_wconf 83' lang='lat' dir='ltr'><strong>dissolveretur,</strong></span> <span class='ocrx_word' id='word_1_27' title='bbox 533 438 560 469; x_wconf 85' lang='lat' dir='ltr'><strong>ac</strong></span> <span class='ocrx_word' id='word_1_28' title='bbox 571 423 642 469; x_wconf 84' lang='lat' dir='ltr'><strong>reditu</strong></span> <span class='ocrx_word' id='word_1_29' title='bbox 650 422 674 469; x_wconf 88' lang='lat' dir='ltr'><strong>in</strong></span> <span class='ocrx_word' id='word_1_30' title='bbox 682 420 761 470; x_wconf 75' lang='lat' dir='ltr'><strong>Asiam</strong></span> 
     </span>
     <span class='ocr_line' id='line_1_6' title="bbox 67 482 761 549; baseline 0 -18"><span class='ocrx_word' id='word_1_31' title='bbox 67 546 68 549; x_wconf 8' lang='grc' dir='ltr'><strong>Ἴ</strong></span> <span class='ocrx_word' id='word_1_32' title='bbox 87 484 262 533; x_wconf 84' lang='lat' dir='ltr'><strong>excluderetur:</strong></span> <span class='ocrx_word' id='word_1_33' title='bbox 282 486 347 547; x_wconf 89' lang='lat' dir='ltr'><strong>idque</strong></span> <span class='ocrx_word' id='word_1_34' title='bbox 363 488 384 535; x_wconf 88' lang='lat' dir='ltr'><strong>ei</strong></span> <span class='ocrx_word' id='word_1_35' title='bbox 398 486 515 549; x_wconf 79' lang='lat' dir='ltr'><strong>persuasit.</strong></span> <span class='ocrx_word' id='word_1_36' title='bbox 550 486 638 548; x_wconf 81' lang='lat' dir='ltr'><strong>Itaque,</strong></span> <span class='ocrx_word' id='word_1_37' title='bbox 656 482 700 548; x_wconf 66' lang='lat' dir='ltr'><strong>qul</strong></span> <span class='ocrx_word' id='word_1_38' title='bbox 719 498 761 531; x_wconf 85' lang='lat' dir='ltr'><strong>sex</strong></span> 
     </span>
     <span class='ocr_line' id='line_1_7' title="bbox 89 548 762 613; baseline 0.004 -16"><span class='ocrx_word' id='word_1_39' title='bbox 89 548 207 597; x_wconf 88' lang='lat' dir='ltr'><strong>mensibus</strong></span> <span class='ocrx_word' id='word_1_40' title='bbox 218 551 261 597; x_wconf 89' lang='lat' dir='ltr'><strong>iter</strong></span> <span class='ocrx_word' id='word_1_41' title='bbox 270 550 360 607; x_wconf 80' lang='lat' dir='ltr'><strong>fecerat,</strong></span> <span class='ocrx_word' id='word_1_42' title='bbox 376 550 452 601; x_wconf 76' lang='lat' dir='ltr'><strong>eidem</strong></span> <span class='ocrx_word' id='word_1_43' title='bbox 464 552 538 599; x_wconf 81' lang='lat' dir='ltr'><strong>minus</strong></span> <span class='ocrx_word' id='word_1_44' title='bbox 550 552 626 600; x_wconf 89' lang='lat' dir='ltr'><strong>diebus</strong></span> <span class='ocrx_word' id='word_1_45' title='bbox 636 548 762 613; x_wconf 76' lang='lat' dir='ltr'><strong>trigintaic</strong></span> 
     </span>
     <span class='ocr_line' id='line_1_8' title="bbox 88 612 763 679; baseline 0.004 -20"><span class='ocrx_word' id='word_1_46' title='bbox 88 612 173 660; x_wconf 85' lang='lat' dir='ltr'>Asiam</span> <span class='ocrx_word' id='word_1_47' title='bbox 189 631 292 663; x_wconf 84' lang='lat' dir='ltr'><strong>reversus</strong></span> <span class='ocrx_word' id='word_1_48' title='bbox 307 624 341 675; x_wconf 86' lang='lat' dir='ltr'><strong>est</strong></span> <span class='ocrx_word' id='word_1_49' title='bbox 348 632 356 673; x_wconf 72' lang='grc' dir='ltr'><strong><em>ς</em></strong></span> <span class='ocrx_word' id='word_1_50' title='bbox 373 632 440 679; x_wconf 86' lang='lat' dir='ltr'><strong>seque</strong></span> <span class='ocrx_word' id='word_1_51' title='bbox 451 633 464 665; x_wconf 83' lang='lat' dir='ltr'><strong>a</strong></span> <span class='ocrx_word' id='word_1_52' title='bbox 475 616 628 665; x_wconf 86' lang='lat' dir='ltr'><strong>&#39;Ihemistocle</strong></span> <span class='ocrx_word' id='word_1_53' title='bbox 639 630 684 663; x_wconf 90' lang='lat' dir='ltr'><strong>non</strong></span> <span class='ocrx_word' id='word_1_54' title='bbox 696 629 763 677; x_wconf 91' lang='lat' dir='ltr'><strong>supe-</strong></span> 
     </span>
     <span class='ocr_line' id='line_1_9' title="bbox 89 678 763 744; baseline -0.003 -17"><span class='ocrx_word' id='word_1_55' title='bbox 89 686 175 733; x_wconf 78' lang='lat' dir='ltr'><strong>ratum,</strong></span> <span class='ocrx_word' id='word_1_56' title='bbox 184 679 223 725; x_wconf 86' lang='lat' dir='ltr'><strong>sed</strong></span> <span class='ocrx_word' id='word_1_57' title='bbox 232 688 394 735; x_wconf 76' lang='lat' dir='ltr'><strong>conservatum,</strong></span> <span class='ocrx_word' id='word_1_58' title='bbox 404 680 519 744; x_wconf 83' lang='lat' dir='ltr'><strong>judicavit.</strong></span> <span class='ocrx_word' id='word_1_59' title='bbox 539 682 577 730; x_wconf 89' lang='lat' dir='ltr'><strong>Sic</strong></span> <span class='ocrx_word' id='word_1_60' title='bbox 586 682 652 727; x_wconf 86' lang='lat' dir='ltr'><strong>unius</strong></span> <span class='ocrx_word' id='word_1_61' title='bbox 659 678 701 727; x_wconf 84' lang='lat' dir='ltr'><strong>viri</strong></span> <span class='ocrx_word' id='word_1_62' title='bbox 709 694 763 741; x_wconf 89' lang='lat' dir='ltr'><strong>pru·</strong></span> 
     </span>
     <span class='ocr_line' id='line_1_10' title="bbox 88 742 808 808; baseline 0 -19"><span class='ocrx_word' id='word_1_63' title='bbox 88 742 168 790; x_wconf 75' lang='lat' dir='ltr'><strong>dentisi</strong></span> <span class='ocrx_word' id='word_1_64' title='bbox 192 745 283 792; x_wconf 83' lang='lat' dir='ltr'><strong>Graecia</strong></span> <span class='ocrx_word' id='word_1_65' title='bbox 304 746 394 793; x_wconf 76' lang='lat' dir='ltr'><strong>liberate</strong></span> <span class='ocrx_word' id='word_1_66' title='bbox 416 754 456 800; x_wconf 87' lang='lat' dir='ltr'><strong>est,</strong></span> <span class='ocrx_word' id='word_1_67' title='bbox 480 746 625 808; x_wconf 64' lang='lat' dir='ltr'><strong>Europaeque</strong></span> <span class='ocrx_word' id='word_1_68' title='bbox 646 742 763 792; x_wconf 81' lang='lat' dir='ltr'><strong>succubuit</strong></span> <span class='ocrx_word' id='word_1_69' title='bbox 807 773 808 776; x_wconf 59' lang='lat'><em>=</em></span> 
     </span>
     <span class='ocr_line' id='line_1_11' title="bbox 90 807 762 871; baseline 0.003 -18"><span class='ocrx_word' id='word_1_70' title='bbox 90 807 158 855; x_wconf 82' lang='lat' dir='ltr'><strong>Asia.</strong></span> <span class='ocrx_word' id='word_1_71' title='bbox 189 808 250 855; x_wconf 85' lang='lat' dir='ltr'><strong>Haec</strong></span> <span class='ocrx_word' id='word_1_72' title='bbox 269 810 338 857; x_wconf 82' lang='lat' dir='ltr'><strong>altera</strong></span> <span class='ocrx_word' id='word_1_73' title='bbox 356 810 455 863; x_wconf 83' lang='lat' dir='ltr'><strong>victoris.</strong></span> <span class='ocrx_word' id='word_1_74' title='bbox 477 826 528 871; x_wconf 82' lang='lat' dir='ltr'><strong>quae</strong></span> <span class='ocrx_word' id='word_1_75' title='bbox 546 825 598 857; x_wconf 84' lang='lat' dir='ltr'><strong>curn</strong></span> <span class='ocrx_word' id='word_1_76' title='bbox 617 808 762 857; x_wconf 75' lang='lat' dir='ltr'><strong>Marathonio</strong></span> 
     </span>
    </p>
   </div>
   <div class='ocr_carea' id='block_1_3' title="bbox 14 872 763 935">
    <p class='ocr_par' dir='ltr' id='par_1_3' title="bbox 14 872 763 935">
     <span class='ocr_line' id='line_1_12' title="bbox 14 872 763 935; baseline 0.007 -19"><span class='ocrx_word' id='word_1_77' title='bbox 14 932 15 935; x_wconf 8' lang='grc' dir='ltr'><strong>Ἴ</strong></span> <span class='ocrx_word' id='word_1_78' title='bbox 88 873 164 934; x_wconf 86' lang='lat' dir='ltr'><strong>possit</strong></span> <span class='ocrx_word' id='word_1_79' title='bbox 176 875 298 935; x_wconf 84' lang='lat' dir='ltr'><strong>comparari</strong></span> <span class='ocrx_word' id='word_1_80' title='bbox 309 882 408 935; x_wconf 81' lang='lat' dir='ltr'><strong>tropaeo:</strong></span> <span class='ocrx_word' id='word_1_81' title='bbox 427 889 480 923; x_wconf 81' lang='lat' dir='ltr'><strong>nam</strong></span> <span class='ocrx_word' id='word_1_82' title='bbox 494 876 542 935; x_wconf 84' lang='lat' dir='ltr'><strong>pari</strong></span> <span class='ocrx_word' id='word_1_83' title='bbox 552 872 619 921; x_wconf 88' lang='lat' dir='ltr'><strong>modo</strong></span> <span class='ocrx_word' id='word_1_84' title='bbox 630 873 688 935; x_wconf 87' lang='lat' dir='ltr'><strong>apud</strong></span> <span class='ocrx_word' id='word_1_85' title='bbox 699 872 763 921; x_wconf 71' lang='lat' dir='ltr'><strong>sus-</strong></span> 
     </span>
    </p>
   </div>
   <div class='ocr_carea' id='block_1_4' title="bbox 88 937 764 1323">
    <p class='ocr_par' dir='ltr' id='par_1_4' title="bbox 88 937 760 1055">
     <span class='ocr_line' id='line_1_13' title="bbox 88 937 760 1001; baseline 0.007 -18"><span class='ocrx_word' id='word_1_86' title='bbox 88 937 153 983; x_wconf 86' lang='lat' dir='ltr'><strong>mina</strong></span> <span class='ocrx_word' id='word_1_87' title='bbox 170 952 240 998; x_wconf 86' lang='lat' dir='ltr'><strong>parvo</strong></span> <span class='ocrx_word' id='word_1_88' title='bbox 257 953 351 985; x_wconf 90' lang='lat' dir='ltr'><strong>numero</strong></span> <span class='ocrx_word' id='word_1_89' title='bbox 368 938 459 985; x_wconf 88' lang='lat' dir='ltr'><strong>navium</strong></span> <span class='ocrx_word' id='word_1_90' title='bbox 474 940 572 987; x_wconf 75' lang='lat' dir='ltr'><strong>maxima</strong></span> <span class='ocrx_word' id='word_1_91' title='bbox 581 946 633 1001; x_wconf 88' lang='lat' dir='ltr'><strong>post</strong></span> <span class='ocrx_word' id='word_1_92' title='bbox 643 937 760 988; x_wconf 79' lang='lat' dir='ltr'><strong>hominum</strong></span> 
     </span>
     <span class='ocr_line' id='line_1_14' title="bbox 90 1001 462 1055; baseline 0.005 -8"><span class='ocrx_word' id='word_1_93' title='bbox 90 1001 224 1049; x_wconf 86' lang='lat' dir='ltr'><strong>memoriam</strong></span> <span class='ocrx_word' id='word_1_94' title='bbox 237 1002 313 1049; x_wconf 85' lang='lat' dir='ltr'><strong>classis</strong></span> <span class='ocrx_word' id='word_1_95' title='bbox 325 1010 359 1051; x_wconf 90' lang='lat' dir='ltr'><strong>est</strong></span> <span class='ocrx_word' id='word_1_96' title='bbox 369 1002 462 1055; x_wconf 79' lang='lat' dir='ltr'><strong>devicto.</strong></span> 
     </span>
    </p>

    <p class='ocr_par' dir='ltr' id='par_1_5' title="bbox 90 1064 764 1323">
     <span class='ocr_line' id='line_1_15' title="bbox 123 1064 764 1127; baseline 0 -16"><span class='ocrx_word' id='word_1_97' title='bbox 123 1064 171 1111; x_wconf 88' lang='lat' dir='ltr'><strong>VI.</strong></span> <span class='ocrx_word' id='word_1_98' title='bbox 191 1065 294 1127; x_wconf 78' lang='lat' dir='ltr'><strong>Magnus</strong></span> <span class='ocrx_word' id='word_1_99' title='bbox 305 1068 347 1113; x_wconf 91' lang='lat' dir='ltr'><strong>hoc</strong></span> <span class='ocrx_word' id='word_1_100' title='bbox 357 1067 415 1115; x_wconf 90' lang='lat' dir='ltr'><strong>bello</strong></span> <span class='ocrx_word' id='word_1_101' title='bbox 426 1065 591 1114; x_wconf 74' lang='lat' dir='ltr'><strong>Themistocles</strong></span> <span class='ocrx_word' id='word_1_102' title='bbox 601 1066 651 1120; x_wconf 83' lang='lat' dir='ltr'><strong>fuit,</strong></span> <span class='ocrx_word' id='word_1_103' title='bbox 667 1082 709 1114; x_wconf 87' lang='lat' dir='ltr'><strong>nec</strong></span> <span class='ocrx_word' id='word_1_104' title='bbox 720 1064 764 1113; x_wconf 61' lang='lat' dir='ltr'><strong>nri,</strong></span> 
     </span>
     <span class='ocr_line' id='line_1_16' title="bbox 90 1129 763 1193; baseline 0 -16"><span class='ocrx_word' id='word_1_105' title='bbox 90 1144 135 1177; x_wconf 91' lang='lat' dir='ltr'><strong>nor</strong></span> <span class='ocrx_word' id='word_1_106' title='bbox 155 1131 179 1177; x_wconf 89' lang='lat' dir='ltr'><strong>in</strong></span> <span class='ocrx_word' id='word_1_107' title='bbox 199 1146 261 1191; x_wconf 80' lang='lat' dir='ltr'><strong>pace.</strong></span> <span class='ocrx_word' id='word_1_108' title='bbox 302 1129 361 1180; x_wconf 88' lang='lat' dir='ltr'><strong>Cum</strong></span> <span class='ocrx_word' id='word_1_109' title='bbox 381 1132 439 1179; x_wconf 88' lang='lat' dir='ltr'><strong>enim</strong></span> <span class='ocrx_word' id='word_1_110' title='bbox 459 1130 577 1179; x_wconf 75' lang='lat' dir='ltr'><strong>Phalerico</strong></span> <span class='ocrx_word' id='word_1_111' title='bbox 595 1139 669 1193; x_wconf 89' lang='lat' dir='ltr'><strong>portu,</strong></span> <span class='ocrx_word' id='word_1_112' title='bbox 690 1145 763 1191; x_wconf 82' lang='lat' dir='ltr'><strong>neque</strong></span> 
     </span>
     <span class='ocr_line' id='line_1_17' title="bbox 91 1196 762 1257; baseline 0.004 -16"><span class='ocrx_word' id='word_1_113' title='bbox 91 1210 177 1257; x_wconf 84' lang='lat' dir='ltr'><strong>magno</strong></span> <span class='ocrx_word' id='word_1_114' title='bbox 196 1210 270 1256; x_wconf 87' lang='lat' dir='ltr'><strong>neque</strong></span> <span class='ocrx_word' id='word_1_115' title='bbox 287 1196 354 1249; x_wconf 88' lang='lat' dir='ltr'><strong>hono,</strong></span> <span class='ocrx_word' id='word_1_116' title='bbox 375 1196 525 1250; x_wconf 83' lang='lat' dir='ltr'><strong>Athenienses</strong></span> <span class='ocrx_word' id='word_1_117' title='bbox 543 1203 673 1253; x_wconf 79' lang='lat' dir='ltr'><strong>uterentur3</strong></span> <span class='ocrx_word' id='word_1_118' title='bbox 696 1196 762 1257; x_wconf 77' lang='lat' dir='ltr'><strong>hujus</strong></span> 
     </span>
     <span class='ocr_line' id='line_1_18' title="bbox 93 1258 763 1323; baseline 0 -18"><span class='ocrx_word' id='word_1_119' title='bbox 93 1259 189 1305; x_wconf 84' lang='lat' dir='ltr'><strong>consilio</strong></span> <span class='ocrx_word' id='word_1_120' title='bbox 201 1260 282 1322; x_wconf 88' lang='lat' dir='ltr'><strong>triplex</strong></span> <span class='ocrx_word' id='word_1_121' title='bbox 293 1258 373 1307; x_wconf 85' lang='lat' dir='ltr'><strong>Piraeei</strong></span> <span class='ocrx_word' id='word_1_122' title='bbox 390 1272 468 1323; x_wconf 91' lang='lat' dir='ltr'><strong>portus</strong></span> <span class='ocrx_word' id='word_1_123' title='bbox 483 1260 617 1308; x_wconf 84' lang='lat' dir='ltr'><strong>constitutus</strong></span> <span class='ocrx_word' id='word_1_124' title='bbox 632 1269 683 1316; x_wconf 87' lang='lat' dir='ltr'><strong>est;</strong></span> <span class='ocrx_word' id='word_1_125' title='bbox 699 1260 763 1319; x_wconf 88' lang='lat' dir='ltr'><strong>isque</strong></span> 
     </span>
    </p>
   </div>
   <div class='ocr_carea' id='block_1_5' title="bbox 14 1321 764 1389">
    <p class='ocr_par' dir='ltr' id='par_1_6' title="bbox 14 1321 764 1389">
     <span class='ocr_line' id='line_1_19' title="bbox 14 1321 764 1389; baseline -0.004 -18"><span class='ocrx_word' id='word_1_126' title='bbox 14 1328 15 1331; x_wconf 75' lang='grc'>’</span> <span class='ocrx_word' id='word_1_127' title='bbox 92 1324 206 1371; x_wconf 85' lang='lat' dir='ltr'><strong>moenibus</strong></span> <span class='ocrx_word' id='word_1_128' title='bbox 215 1324 370 1379; x_wconf 78' lang='lat' dir='ltr'><strong>circumdatus,</strong></span> <span class='ocrx_word' id='word_1_129' title='bbox 380 1333 405 1373; x_wconf 91' lang='lat' dir='ltr'><strong>ut</strong></span> <span class='ocrx_word' id='word_1_130' title='bbox 413 1327 484 1389; x_wconf 83' lang='lat' dir='ltr'><strong>ipsam</strong></span> <span class='ocrx_word' id='word_1_131' title='bbox 493 1326 569 1372; x_wconf 89' lang='lat' dir='ltr'><strong>urbem</strong></span> <span class='ocrx_word' id='word_1_132' title='bbox 578 1325 686 1386; x_wconf 85' lang='lat' dir='ltr'><strong>dignitate</strong></span> <span class='ocrx_word' id='word_1_133' title='bbox 694 1321 764 1383; x_wconf 86' lang='lat' dir='ltr'><strong>aequi-</strong></span> 
     </span>
    </p>
   </div>
   <div class='ocr_carea' id='block_1_6' title="bbox 93 1388 765 2356">
    <p class='ocr_par' dir='ltr' id='par_1_7' title="bbox 93 1388 765 2356">
     <span class='ocr_line' id='line_1_20' title="bbox 93 1388 765 1451; baseline 0 -18"><span class='ocrx_word' id='word_1_134' title='bbox 93 1396 189 1451; x_wconf 88' lang='lat' dir='ltr'><strong>pararet,</strong></span> <span class='ocrx_word' id='word_1_135' title='bbox 211 1388 306 1435; x_wconf 86' lang='lat' dir='ltr'><strong>utilitate</strong></span> <span class='ocrx_word' id='word_1_136' title='bbox 325 1399 444 1451; x_wconf 85' lang='lat' dir='ltr'><strong>superaret.</strong></span> <span class='ocrx_word' id='word_1_137' title='bbox 469 1388 578 1451; x_wconf 88' lang='lat' dir='ltr'><strong>Idemque</strong></span> <span class='ocrx_word' id='word_1_138' title='bbox 595 1404 672 1435; x_wconf 87' lang='lat' dir='ltr'><strong>muros</strong></span> <span class='ocrx_word' id='word_1_139' title='bbox 691 1388 765 1433; x_wconf 82' lang='lat' dir='ltr'><strong>Athe-</strong></span> 
     </span>
     <span class='ocr_line' id='line_1_21' title="bbox 94 1452 764 1517; baseline 0.003 -18"><span class='ocrx_word' id='word_1_140' title='bbox 94 1452 205 1499; x_wconf 88' lang='lat' dir='ltr'><strong>niensium</strong></span> <span class='ocrx_word' id='word_1_141' title='bbox 226 1454 322 1500; x_wconf 91' lang='lat' dir='ltr'><strong>restituit</strong></span> <span class='ocrx_word' id='word_1_142' title='bbox 338 1456 451 1517; x_wconf 84' lang='lat' dir='ltr'><strong>praecipuo</strong></span> <span class='ocrx_word' id='word_1_143' title='bbox 467 1454 565 1516; x_wconf 87' lang='lat' dir='ltr'><strong>periculo</strong></span> <span class='ocrx_word' id='word_1_144' title='bbox 583 1470 630 1501; x_wconf 86' lang='lat' dir='ltr'><strong>suo.</strong></span> <span class='ocrx_word' id='word_1_145' title='bbox 656 1452 764 1513; x_wconf 76' lang='lat' dir='ltr'><strong>Namque</strong></span> 
     </span>
     <span class='ocr_line' id='line_1_22' title="bbox 95 1514 764 1581; baseline 0.001 -18"><span class='ocrx_word' id='word_1_146' title='bbox 95 1514 263 1565; x_wconf 77' lang='lat' dir='ltr'><strong>Lacedaemonii</strong></span> <span class='ocrx_word' id='word_1_147' title='bbox 279 1519 379 1581; x_wconf 76' lang='lat' dir='ltr'><strong>(causam</strong></span> <span class='ocrx_word' id='word_1_148' title='bbox 395 1520 497 1566; x_wconf 79' lang='lat' dir='ltr'><strong>idoneam</strong></span> <span class='ocrx_word' id='word_1_149' title='bbox 514 1519 573 1565; x_wconf 84' lang='lat' dir='ltr'><strong>nacti</strong></span> <span class='ocrx_word' id='word_1_150' title='bbox 587 1525 677 1579; x_wconf 88' lang='lat' dir='ltr'><strong>propter</strong></span> <span class='ocrx_word' id='word_1_151' title='bbox 686 1518 764 1564; x_wconf 79' lang='lat' dir='ltr'><strong>burba-</strong></span> 
     </span>
     <span class='ocr_line' id='line_1_23' title="bbox 95 1580 765 1646; baseline 0 -20"><span class='ocrx_word' id='word_1_152' title='bbox 95 1595 168 1627; x_wconf 90' lang='lat' dir='ltr'><strong>rorum</strong></span> <span class='ocrx_word' id='word_1_153' title='bbox 187 1582 338 1636; x_wconf 83' lang='lat' dir='ltr'><strong>excursiones,</strong></span> <span class='ocrx_word' id='word_1_154' title='bbox 357 1582 401 1643; x_wconf 72' lang='lat' dir='ltr'><strong>qui</strong></span> <span class='ocrx_word' id='word_1_155' title='bbox 412 1590 520 1645; x_wconf 80' lang='lat' dir='ltr'><strong>negarent</strong></span> <span class='ocrx_word' id='word_1_156' title='bbox 531 1590 634 1646; x_wconf 84' lang='lat' dir='ltr'><strong>oportere</strong></span> <span class='ocrx_word' id='word_1_157' title='bbox 644 1589 708 1629; x_wconf 84' lang='lat' dir='ltr'><strong>extra</strong></span> <span class='ocrx_word' id='word_1_158' title='bbox 719 1580 765 1627; x_wconf 90' lang='lat' dir='ltr'><strong>Pe·</strong></span> 
     </span>
     <span class='ocr_line' id='line_1_24' title="bbox 94 1644 764 1707; baseline 0.001 -17"><span class='ocrx_word' id='word_1_159' title='bbox 94 1644 241 1707; x_wconf 88' lang='lat' dir='ltr'><strong>loponnesum</strong></span> <span class='ocrx_word' id='word_1_160' title='bbox 260 1646 327 1694; x_wconf 78' lang='lat' dir='ltr'><strong>ullam</strong></span> <span class='ocrx_word' id='word_1_161' title='bbox 344 1649 420 1695; x_wconf 86' lang='lat' dir='ltr'><strong>urbem</strong></span> <span class='ocrx_word' id='word_1_162' title='bbox 434 1648 516 1701; x_wconf 81' lang='lat' dir='ltr'><strong>heberi,</strong></span> <span class='ocrx_word' id='word_1_163' title='bbox 529 1663 558 1693; x_wconf 92' lang='lat' dir='ltr'><strong>ne</strong></span> <span class='ocrx_word' id='word_1_164' title='bbox 569 1654 644 1695; x_wconf 80' lang='lat' dir='ltr'><strong>essent</strong></span> <span class='ocrx_word' id='word_1_165' title='bbox 653 1648 703 1693; x_wconf 83' lang='lat' dir='ltr'><strong>loca</strong></span> <span class='ocrx_word' id='word_1_166' title='bbox 713 1660 764 1692; x_wconf 89' lang='lat' dir='ltr'><strong>mu·</strong></span> 
     </span>
     <span class='ocr_line' id='line_1_25' title="bbox 95 1709 764 1773; baseline 0.003 -18"><span class='ocrx_word' id='word_1_167' title='bbox 95 1709 147 1762; x_wconf 80' lang='lat' dir='ltr'><strong>nita,</strong></span> <span class='ocrx_word' id='word_1_168' title='bbox 160 1726 213 1770; x_wconf 84' lang='lat' dir='ltr'><strong>quae</strong></span> <span class='ocrx_word' id='word_1_169' title='bbox 224 1712 300 1757; x_wconf 89' lang='lat' dir='ltr'><strong>hostes</strong></span> <span class='ocrx_word' id='word_1_170' title='bbox 310 1710 459 1773; x_wconf 87' lang='lat' dir='ltr'><strong>possiderent)</strong></span> <span class='ocrx_word' id='word_1_171' title='bbox 470 1713 620 1760; x_wconf 87' lang='lat' dir='ltr'><strong>Athenienses</strong></span> <span class='ocrx_word' id='word_1_172' title='bbox 629 1710 764 1757; x_wconf 82' lang='lat' dir='ltr'><strong>aediticantes</strong></span> 
     </span>
     <span class='ocr_line' id='line_1_26' title="bbox 94 1775 764 1838; baseline 0 -19"><span class='ocrx_word' id='word_1_173' title='bbox 94 1775 210 1837; x_wconf 90' lang='lat' dir='ltr'><strong>prohibere</strong></span> <span class='ocrx_word' id='word_1_174' title='bbox 222 1784 275 1821; x_wconf 90' lang='lat' dir='ltr'><strong>sunt</strong></span> <span class='ocrx_word' id='word_1_175' title='bbox 286 1777 366 1823; x_wconf 89' lang='lat' dir='ltr'><strong>conati.</strong></span> <span class='ocrx_word' id='word_1_176' title='bbox 397 1776 451 1825; x_wconf 89' lang='lat' dir='ltr'><strong>Hoc</strong></span> <span class='ocrx_word' id='word_1_177' title='bbox 462 1778 531 1838; x_wconf 86' lang='lat' dir='ltr'><strong>longe</strong></span> <span class='ocrx_word' id='word_1_178' title='bbox 542 1776 586 1822; x_wconf 88' lang='lat' dir='ltr'><strong>alio</strong></span> <span class='ocrx_word' id='word_1_179' title='bbox 597 1775 716 1836; x_wconf 78' lang='lat' dir='ltr'><strong>spectabat.</strong></span> <span class='ocrx_word' id='word_1_180' title='bbox 729 1780 764 1819; x_wconf 85' lang='lat' dir='ltr'><strong>at·</strong></span> 
     </span>
     <span class='ocr_line' id='line_1_27' title="bbox 95 1838 764 1902; baseline -0.001 -16"><span class='ocrx_word' id='word_1_181' title='bbox 95 1854 137 1902; x_wconf 88' lang='lat' dir='ltr'><strong>que</strong></span> <span class='ocrx_word' id='word_1_182' title='bbox 147 1840 217 1885; x_wconf 88' lang='lat' dir='ltr'><strong>videri</strong></span> <span class='ocrx_word' id='word_1_183' title='bbox 229 1840 341 1889; x_wconf 79' lang='lat' dir='ltr'><strong>volebant.</strong></span> <span class='ocrx_word' id='word_1_184' title='bbox 365 1840 515 1889; x_wconf 85' lang='lat' dir='ltr'><strong>Athenienses</strong></span> <span class='ocrx_word' id='word_1_185' title='bbox 526 1840 586 1889; x_wconf 85' lang='lat' dir='ltr'><strong>enirn</strong></span> <span class='ocrx_word' id='word_1_186' title='bbox 596 1840 681 1887; x_wconf 81' lang='lat' dir='ltr'><strong>duobus</strong></span> <span class='ocrx_word' id='word_1_187' title='bbox 691 1838 764 1886; x_wconf 88' lang='lat' dir='ltr'><strong>victo-</strong></span> 
     </span>
     <span class='ocr_line' id='line_1_28' title="bbox 94 1900 764 1967; baseline 0.003 -18"><span class='ocrx_word' id='word_1_188' title='bbox 94 1903 138 1957; x_wconf 87' lang='lat' dir='ltr'><strong>riis,</strong></span> <span class='ocrx_word' id='word_1_189' title='bbox 156 1902 302 1951; x_wconf 73' lang='lat' dir='ltr'><strong>Marathonii</strong></span> <span class='ocrx_word' id='word_1_190' title='bbox 319 1912 341 1953; x_wconf 89' lang='lat' dir='ltr'><strong>et</strong></span> <span class='ocrx_word' id='word_1_191' title='bbox 358 1903 486 1958; x_wconf 77' lang='lat' dir='ltr'><strong>salaminis,</strong></span> <span class='ocrx_word' id='word_1_192' title='bbox 504 1912 588 1951; x_wconf 85' lang='lat' dir='ltr'><strong>tantam</strong></span> <span class='ocrx_word' id='word_1_193' title='bbox 597 1904 693 1967; x_wconf 81' lang='lat' dir='ltr'><strong>gloriam</strong></span> <span class='ocrx_word' id='word_1_194' title='bbox 705 1900 764 1966; x_wconf 86' lang='lat' dir='ltr'><strong>apud</strong></span> 
     </span>
     <span class='ocr_line' id='line_1_29' title="bbox 96 1966 764 2034; baseline 0.003 -21"><span class='ocrx_word' id='word_1_195' title='bbox 96 1982 173 2014; x_wconf 88' lang='lat' dir='ltr'><strong>omnes</strong></span> <span class='ocrx_word' id='word_1_196' title='bbox 189 1976 271 2029; x_wconf 83' lang='lat' dir='ltr'><strong>gentes</strong></span> <span class='ocrx_word' id='word_1_197' title='bbox 285 1978 349 2019; x_wconf 83' lang='lat' dir='ltr'><strong>erant</strong></span> <span class='ocrx_word' id='word_1_198' title='bbox 360 1970 482 2023; x_wconf 83' lang='lat' dir='ltr'><strong>consecuti,</strong></span> <span class='ocrx_word' id='word_1_199' title='bbox 494 1977 520 2018; x_wconf 90' lang='lat' dir='ltr'><strong>ut</strong></span> <span class='ocrx_word' id='word_1_200' title='bbox 530 1970 680 2034; x_wconf 79' lang='lat' dir='ltr'><strong>intelligerent</strong></span> <span class='ocrx_word' id='word_1_201' title='bbox 691 1966 764 2015; x_wconf 81' lang='lat' dir='ltr'><strong>Lace-</strong></span> 
     </span>
     <span class='ocr_line' id='line_1_30' title="bbox 96 2030 761 2095; baseline 0 -16"><span class='ocrx_word' id='word_1_202' title='bbox 96 2030 206 2086; x_wconf 86' lang='lat' dir='ltr'><strong>daemonii,</strong></span> <span class='ocrx_word' id='word_1_203' title='bbox 225 2032 252 2079; x_wconf 88' lang='lat' dir='ltr'><strong>de</strong></span> <span class='ocrx_word' id='word_1_204' title='bbox 269 2034 339 2095; x_wconf 89' lang='lat' dir='ltr'><strong>princi</strong></span> <span class='ocrx_word' id='word_1_205' title='bbox 356 2041 394 2081; x_wconf 77' lang='lat' dir='ltr'><strong>atu</strong></span> <span class='ocrx_word' id='word_1_206' title='bbox 410 2034 454 2083; x_wconf 51' lang='lat' dir='ltr'><strong>sihi*</strong></span> <span class='ocrx_word' id='word_1_207' title='bbox 466 2050 517 2081; x_wconf 89' lang='lat' dir='ltr'><strong>cum</strong></span> <span class='ocrx_word' id='word_1_208' title='bbox 529 2034 564 2081; x_wconf 90' lang='lat' dir='ltr'><strong>his</strong></span> <span class='ocrx_word' id='word_1_209' title='bbox 574 2044 686 2082; x_wconf 84' lang='lat' dir='ltr'><strong>certamen</strong></span> <span class='ocrx_word' id='word_1_210' title='bbox 696 2033 761 2079; x_wconf 83' lang='lat' dir='ltr'><strong>fore:</strong></span> 
     </span>
     <span class='ocr_line' id='line_1_31' title="bbox 96 2096 764 2159; baseline 0 -16"><span class='ocrx_word' id='word_1_211' title='bbox 96 2111 161 2159; x_wconf 82' lang='lat' dir='ltr'><strong>quare</strong></span> <span class='ocrx_word' id='word_1_212' title='bbox 176 2112 216 2144; x_wconf 89' lang='lat' dir='ltr'><strong>eos</strong></span> <span class='ocrx_word' id='word_1_213' title='bbox 233 2112 299 2159; x_wconf 82' lang='lat' dir='ltr'><strong>quun</strong></span> <span class='ocrx_word' id='word_1_214' title='bbox 316 2098 339 2147; x_wconf 87' lang='lat' dir='ltr'><strong>iu</strong></span> <span class='ocrx_word' id='word_1_215' title='bbox 389 2099 479 2147; x_wconf 80' lang='lat' dir='ltr'><strong>issimos</strong></span> <span class='ocrx_word' id='word_1_216' title='bbox 493 2114 542 2145; x_wconf 88' lang='lat' dir='ltr'><strong>esse</strong></span> <span class='ocrx_word' id='word_1_217' title='bbox 557 2098 667 2147; x_wconf 79' lang='lat' dir='ltr'><strong>volebant.</strong></span> <span class='ocrx_word' id='word_1_218' title='bbox 695 2096 764 2143; x_wconf 87' lang='lat' dir='ltr'><strong>Post·</strong></span> 
     </span>
     <span class='ocr_line' id='line_1_32' title="bbox 96 2162 764 2225; baseline -0.001 -14"><span class='ocrx_word' id='word_1_219' title='bbox 96 2176 159 2223; x_wconf 74' lang='lat' dir='ltr'><strong>quam</strong></span> <span class='ocrx_word' id='word_1_220' title='bbox 171 2169 246 2208; x_wconf 82' lang='lat' dir='ltr'><strong>autern</strong></span> <span class='ocrx_word' id='word_1_221' title='bbox 257 2162 375 2211; x_wconf 84' lang='lat' dir='ltr'><strong>audierunt</strong></span> <span class='ocrx_word' id='word_1_222' title='bbox 381 2164 553 2219; x_wconf 81' lang='lat' dir='ltr'><strong>murosinstrui,</strong></span> <span class='ocrx_word' id='word_1_223' title='bbox 564 2164 651 2225; x_wconf 80' lang='lat' dir='ltr'><strong>legatos</strong></span> <span class='ocrx_word' id='word_1_224' title='bbox 661 2162 764 2213; x_wconf 76' lang='lat' dir='ltr'><strong>Athenas</strong></span> 
     </span>
     <span class='ocr_line' id='line_1_33' title="bbox 97 2225 764 2291; baseline 0 -19"><span class='ocrx_word' id='word_1_225' title='bbox 97 2225 210 2280; x_wconf 86' lang='lat' dir='ltr'><strong>miserunt,</strong></span> <span class='ocrx_word' id='word_1_226' title='bbox 223 2227 260 2289; x_wconf 91' lang='lat' dir='ltr'><strong>qui</strong></span> <span class='ocrx_word' id='word_1_227' title='bbox 272 2226 294 2273; x_wconf 89' lang='lat' dir='ltr'><strong>id</strong></span> <span class='ocrx_word' id='word_1_228' title='bbox 305 2227 352 2275; x_wconf 89' lang='lat' dir='ltr'><strong>fieri</strong></span> <span class='ocrx_word' id='word_1_229' title='bbox 363 2235 472 2279; x_wconf 74' lang='lat' dir='ltr'><strong>veterent.</strong></span> <span class='ocrx_word' id='word_1_230' title='bbox 490 2228 537 2274; x_wconf 90' lang='lat' dir='ltr'><strong>His</strong></span> <span class='ocrx_word' id='word_1_231' title='bbox 546 2228 694 2291; x_wconf 70' lang='lat' dir='ltr'><strong>presentiens</strong></span> <span class='ocrx_word' id='word_1_232' title='bbox 705 2225 764 2273; x_wconf 88' lang='lat' dir='ltr'><strong>desi·</strong></span> 
     </span>
     <span class='ocr_line' id='line_1_34' title="bbox 98 2290 763 2356; baseline 0 -19"><span class='ocrx_word' id='word_1_233' title='bbox 98 2298 166 2345; x_wconf 75' lang='lat' dir='ltr'><strong>erunt,</strong></span> <span class='ocrx_word' id='word_1_234' title='bbox 184 2306 211 2337; x_wconf 86' lang='lat' dir='ltr'><strong>ac</strong></span> <span class='ocrx_word' id='word_1_235' title='bbox 229 2307 254 2339; x_wconf 88' lang='lat' dir='ltr'><strong>se</strong></span> <span class='ocrx_word' id='word_1_236' title='bbox 270 2292 298 2339; x_wconf 89' lang='lat' dir='ltr'><strong>de</strong></span> <span class='ocrx_word' id='word_1_237' title='bbox 314 2290 379 2345; x_wconf 80' lang='lat' dir='ltr'><strong>edre</strong></span> <span class='ocrx_word' id='word_1_238' title='bbox 394 2294 482 2356; x_wconf 78' lang='lat' dir='ltr'><strong>legatos</strong></span> <span class='ocrx_word' id='word_1_239' title='bbox 492 2294 520 2339; x_wconf 80' lang='lat' dir='ltr'><strong>sd</strong></span> <span class='ocrx_word' id='word_1_240' title='bbox 531 2309 570 2341; x_wconf 87' lang='lat' dir='ltr'><strong>eos</strong></span> <span class='ocrx_word' id='word_1_241' title='bbox 580 2294 688 2341; x_wconf 80' lang='lat' dir='ltr'><strong>missuros</strong></span> <span class='ocrx_word' id='word_1_242' title='bbox 699 2292 763 2337; x_wconf 80' lang='lat' dir='ltr'><strong>dixe·</strong></span> 
     </span>
    </p>
   </div>
   <div class='ocr_carea' id='block_1_7' title="bbox 54 2354 765 2683">
    <p class='ocr_par' dir='ltr' id='par_1_8' title="bbox 54 2354 765 2683">
     <span class='ocr_line' id='line_1_35' title="bbox 54 2354 764 2420; baseline 0 -19"><span class='ocrx_word' id='word_1_243' title='bbox 54 2388 62 2408; x_wconf 85' lang='lat'><em>.</em></span> <span class='ocrx_word' id='word_1_244' title='bbox 99 2362 155 2401; x_wconf 87' lang='lat' dir='ltr'><strong>runt.</strong></span> <span class='ocrx_word' id='word_1_245' title='bbox 190 2354 260 2403; x_wconf 80' lang='lat' dir='ltr'><strong>Hanc</strong></span> <span class='ocrx_word' id='word_1_246' title='bbox 278 2356 413 2419; x_wconf 84' lang='lat' dir='ltr'><strong>legationem</strong></span> <span class='ocrx_word' id='word_1_247' title='bbox 433 2358 529 2420; x_wconf 86' lang='lat' dir='ltr'><strong>suscepit</strong></span> <span class='ocrx_word' id='word_1_248' title='bbox 546 2354 719 2407; x_wconf 82' lang='lat' dir='ltr'><strong>Themistocles,</strong></span> <span class='ocrx_word' id='word_1_249' title='bbox 739 2358 764 2401; x_wconf 79' lang='lat' dir='ltr'><strong>st</strong></span> 
     </span>
     <span class='ocr_line' id='line_1_36' title="bbox 100 2416 765 2485; baseline 0.002 -20"><span class='ocrx_word' id='word_1_250' title='bbox 100 2418 156 2465; x_wconf 86' lang='lat' dir='ltr'><strong>solus</strong></span> <span class='ocrx_word' id='word_1_251' title='bbox 166 2420 240 2482; x_wconf 91' lang='lat' dir='ltr'><strong>primo</strong></span> <span class='ocrx_word' id='word_1_252' title='bbox 251 2422 364 2483; x_wconf 84' lang='lat' dir='ltr'><strong>profectus</strong></span> <span class='ocrx_word' id='word_1_253' title='bbox 381 2429 431 2481; x_wconf 79' lang='lat' dir='ltr'><strong>est3</strong></span> <span class='ocrx_word' id='word_1_254' title='bbox 448 2424 527 2483; x_wconf 91' lang='lat' dir='ltr'><strong>reliqui</strong></span> <span class='ocrx_word' id='word_1_255' title='bbox 541 2423 610 2485; x_wconf 80' lang='lat' dir='ltr'><strong>legati</strong></span> <span class='ocrx_word' id='word_1_256' title='bbox 621 2428 647 2468; x_wconf 88' lang='lat' dir='ltr'><strong>ut</strong></span> <span class='ocrx_word' id='word_1_257' title='bbox 657 2428 705 2465; x_wconf 91' lang='lat' dir='ltr'><strong>tum</strong></span> <span class='ocrx_word' id='word_1_258' title='bbox 716 2416 765 2466; x_wconf 81' lang='lat' dir='ltr'><strong>exi-</strong></span> 
     </span>
     <span class='ocr_line' id='line_1_37' title="bbox 100 2484 763 2539; baseline 0.002 -5"><span class='ocrx_word' id='word_1_259' title='bbox 100 2491 152 2539; x_wconf 82' lang='lat' dir='ltr'><strong>rent.</strong></span> <span class='ocrx_word' id='word_1_260' title='bbox 173 2500 226 2535; x_wconf 83' lang='lat' dir='ltr'><strong>cum</strong></span> <span class='ocrx_word' id='word_1_261' title='bbox 246 2488 299 2536; x_wconf 78' lang='lat' dir='ltr'><strong>setis</strong></span> <span class='ocrx_word' id='word_1_262' title='bbox 318 2487 412 2537; x_wconf 86' lang='lat' dir='ltr'><strong>altitudo</strong></span> <span class='ocrx_word' id='word_1_263' title='bbox 431 2488 490 2535; x_wconf 89' lang='lat' dir='ltr'><strong>muri</strong></span> <span class='ocrx_word' id='word_1_264' title='bbox 509 2494 622 2536; x_wconf 82' lang='lat' dir='ltr'><strong>exstructa</strong></span> <span class='ocrx_word' id='word_1_265' title='bbox 642 2484 763 2535; x_wconf 70' lang='lat' dir='ltr'><strong>videmur,</strong></span> 
     </span>
     <span class='ocr_line' id='line_1_38' title="bbox 99 2546 765 2614; baseline 0.003 -19"><span class='ocrx_word' id='word_1_266' title='bbox 99 2549 217 2613; x_wconf 77' lang='lat' dir='ltr'><strong>praecepit:</strong></span> <span class='ocrx_word' id='word_1_267' title='bbox 232 2551 321 2601; x_wconf 84' lang='lat' dir='ltr'><strong>iuterim</strong></span> <span class='ocrx_word' id='word_1_268' title='bbox 333 2568 411 2603; x_wconf 83' lang='lat' dir='ltr'><strong>omnes</strong></span> <span class='ocrx_word' id='word_1_269' title='bbox 418 2553 481 2605; x_wconf 84' lang='lat' dir='ltr'><strong>servi</strong></span> <span class='ocrx_word' id='word_1_270' title='bbox 491 2558 558 2614; x_wconf 77' lang='lat' dir='ltr'><strong>atque</strong></span> <span class='ocrx_word' id='word_1_271' title='bbox 566 2548 629 2598; x_wconf 79' lang='lat' dir='ltr'><strong>liberi</strong></span> <span class='ocrx_word' id='word_1_272' title='bbox 639 2562 696 2610; x_wconf 81' lang='lat' dir='ltr'><strong>opus</strong></span> <span class='ocrx_word' id='word_1_273' title='bbox 705 2546 765 2598; x_wconf 62' lang='lat' dir='ltr'><strong>fece</strong></span> 
     </span>
     <span class='ocr_line' id='line_1_39' title="bbox 100 2609 765 2683; baseline 0.014 -21"><span class='ocrx_word' id='word_1_274' title='bbox 100 2621 238 2683; x_wconf 63' lang='lat' dir='ltr'><strong>rentneque</strong></span> <span class='ocrx_word' id='word_1_275' title='bbox 248 2616 288 2670; x_wconf 85' lang='lat' dir='ltr'><strong>ulli</strong></span> <span class='ocrx_word' id='word_1_276' title='bbox 297 2616 348 2667; x_wconf 87' lang='lat' dir='ltr'><strong>loco</strong></span> <span class='ocrx_word' id='word_1_277' title='bbox 360 2624 485 2683; x_wconf 66' lang='lat' dir='ltr'><strong>persecut,</strong></span> <span class='ocrx_word' id='word_1_278' title='bbox 496 2617 544 2666; x_wconf 80' lang='lat' dir='ltr'><strong>sive</strong></span> <span class='ocrx_word' id='word_1_279' title='bbox 554 2628 616 2665; x_wconf 78' lang='lat' dir='ltr'><strong>sacer</strong></span> <span class='ocrx_word' id='word_1_280' title='bbox 626 2609 765 2677; x_wconf 53' lang='lat' dir='ltr'><strong>meldis</strong></span> 
     </span>
    </p>
   </div>
   <div class='ocr_carea' id='block_1_8' title="bbox 0 0 943 2917">
    <p class='ocr_par' dir='ltr' id='par_1_9' title="bbox 0 0 943 2917">
     <span class='ocr_line' id='line_1_40' title="bbox 0 0 943 2917; baseline 0 0"><span class='ocrx_word' id='word_1_281' title='bbox 0 0 943 2917; x_wconf 95' lang='lat' dir='ltr'><strong> </strong></span> 
     </span>
    </p>
   </div>
  </div>
 </body>
</html>
