1859 2917
117 97 119 103 ’
155 114 243 163 xxv.
261 114 292 163 n.
306 113 508 165 rouronrns
524 114 681 166 enricus
713 122 760 167 ron

77 245 138 300 tert,
152 260 212 307 quos
226 246 300 293 cultus
314 245 450 293 domesticus
461 246 579 300 desident,
590 246 690 309 apprime
698 242 760 294 boni.

83 309 176 371 Neque
192 318 267 357 temen
283 312 364 357 horum
380 318 521 373 quemquem,
539 312 582 357 nisi
598 311 659 358 domi
674 320 760 365 natum,

82 374 197 436 domique
206 375 298 429 lactum,
308 376 398 423 habuit:
414 376 474 437 quod
484 383 520 423 est
529 376 620 438 tignum
631 392 677 423 non
688 378 762 423 solum

83 440 245 493 continentiae,
256 441 295 486 sed
303 441 370 486 etiem
378 441 508 502 diligentie.
526 440 586 487 Nem
595 449 618 487 et
626 456 672 487 non
681 442 763 487 intem-

85 512 198 566 peranter
208 506 372 565 concupiscere,
385 506 470 566 quode
482 506 583 567 plurimis
595 506 678 561 videns,
691 506 764 553 conti-

87 570 168 615 nentis
179 570 244 615 debet
258 569 323 626 duci;
341 577 365 616 et
379 570 452 631 potius
468 568 588 631 diligentiis,
601 586 667 631 quum
682 570 763 632 pretio,

84 649 171 695 pnrnre
188 648 234 679 non
250 634 369 679 mediocris
386 641 420 680 est
436 634 558 679 industriae.
590 634 698 696 ldlegnns,
716 650 763 681 non

89 697 242 777 pugpilicns3
263 698 396 759 splendidus,
414 713 460 744 non
476 706 618 755 sumtuosus3
639 700 700 748 omni
715 700 765 745 dili·

89 752 172 825 'gentici
179 762 311 809 munditiem
322 776 368 809 non
379 762 508 809 effluentem
518 734 642 809 affeetahlt.
658 764 766 841 Supellcx

89 827 189 881 modica,
208 842 254 872 non
270 827 348 880 mults,
365 826 430 873 utin
446 833 548 873 neutrum
564 835 650 887 purtem
667 829 766 889 conspici

88 898 192 967 posset.
197 890 249 937 Nec
260 892 303 937 hoo
313 891 438 959 praeteribo,
448 906 582 967 quemquam
592 892 706 938 nonnullis
716 893 767 939 lere

89 957 170 1002 visum
187 956 214 1001 iri
228 963 318 1017 putem:
340 970 392 1002 cum
408 956 517 1016 imprimis
533 956 607 1004 lentus
622 964 687 1002 esset
697 972 766 1017 eques

91 1020 223 1073 Romanus,
236 1027 259 1065 et
269 1034 315 1065 non
323 1034 401 1082 parurn
412 1020 531 1067 liberaliter
540 1020 631 1066 domum
642 1036 705 1067 suem
716 1037 767 1069 otn-

92 1086 160 1131 nium
176 1085 278 1131 ordinum
293 1085 395 1131 homines
410 1084 521 1138 invitaret,
537 1081 644 1149 [scimus]
659 1100 706 1131 non
718 1102 768 1133 em·
818 1091 820 1094 ’

84 1150 156 1213 -plius
171 1164 239 1209 quam
255 1156 318 1196 terna
336 1150 406 1196 millia
424 1149 483 1201 uris,
502 1164 606 1211 peraeque
623 1150 648 1209 in
664 1151 767 1225 sipgulos

89 1228 195 1268 menses,
209 1228 238 1261 ex
251 1214 391 1275 ephemeride
405 1229 457 1260 eum
473 1227 595 1275 expensum
610 1215 694 1259 sumtui
707 1214 768 1262 ferre

92 1279 196 1326 solitum.
215 1279 294 1339 Atque
300 1280 344 1324 hoc
353 1293 399 1324 non
407 1278 514 1331 auditum,
523 1278 563 1324 sed
571 1279 695 1339 cognitum,
707 1294 766 1340 prae-

92 1344 211 1391 dicemus:
232 1359 291 1405 saepe
301 1343 369 1397 enim,
380 1350 472 1405 propter
485 1342 664 1398 familiaritatem,
676 1342 766 1393 domet-

93 1409 148 1455 ficis
160 1410 225 1454 rebus
235 1407 384 1455 interfuimus.

129 1471 203 1519 XIV.
221 1472 313 1519 Nemo'
308 1488 331 1519 m
342 1471 446 1521 convivio
457 1474 506 1537 eJ‘us
516 1474 576 1523 aliud
590 1491 693 1524 acronme
703 1477 766 1524 sudi-

93 1538 137 1591 vit,
150 1552 217 1599 quem
229 1546 380 1600 anagnosten3
400 1540 460 1599 quod
473 1556 515 1587 nos
530 1542 618 1602 quidem
630 1542 767 1621 jpcnndissi-

95 1618 161 1649 mum
170 1603 312 1657 arbitramun
328 1618 401 1663 neque
409 1619 515 1665 unquam
525 1622 573 1652 nne
581 1605 654 1666 alique
661 1607 766 1661 lectione,

95 1668 157 1729 apud
168 1682 219 1713 eum
231 1672 349 1713 coenitum
356 1674 404 1725 est;
421 1676 447 1715 ut
460 1684 506 1715 non
520 1671 595 1716 minus
605 1671 687 1723 animo,
700 1685 767 1730 qnam

94 1741 184 1785 ventre,
197 1733 300 1779 convive
311 1703 486 1780 delecta'renturr
505 1749 603 1795 namque
614 1750 655 1781 eos
664 1736 766 1789 vocabat,

94 1811 194 1858 quorum
210 1812 285 1843 mores
301 1812 314 1843 ι
329 1798 374 1843 suis
389 1812 434 1843 non
449 1799 600 1846 abhorrerent.
628 1797 689 1847 Cum
706 1806 769 1849 tants

93 1862 200 1937 pecunire
209 1861 269 1909 facta
279 1869 337 1907 esset
348 1863 452 1915 accessio,
465 1864 521 1909 nihil
530 1864 559 1911 de
569 1864 698 1924 quotidiano
705 1865 769 1911 cultu

94 1923 201 1979 mutavit,
217 1927 272 1972 nihil
285 1927 313 1973 de
326 1926 381 1973 vitae
397 1928 571 1975 consuetudine:
593 1925 699 2005 tentique
714 1944 770 1975 ιιιιιι

94 1998 132 2038 cst
143 1992 303 2044 moderatione,
315 1998 341 2037 ut
352 2007 424 2052 neque
437 1992 460 2037 in
476 1993 578 2039 sestertio
592 1994 669 2046 vicies,
681 1995 741 2055 quod
754 2009 770 2041 ι

94 2064 161 2117 patre
177 2063 298 2117 acceperat,
309 2072 388 2118 parum
404 2072 428 2103 se
443 2057 557 2119 splendide
570 2059 680 2120 gestent,
697 2073 773 2120 neque

95 2122 121 2166 in
138 2122 241 2167 sestertio
256 2122 340 2167 centies
354 2120 481 2167 affluentius
496 2124 584 2176 vixerit,
598 2138 665 2183 qnam
679 2124 771 2169 institu-

97 2192 146 2231 eret
155 2202 163 2242 ς
185 2186 277 2247 parique
295 2185 386 2247 fastigio
405 2187 492 2233 steterit
509 2188 533 2233 in
555 2186 650 2248 utrique
667 2185 766 2234 fortuni.

97 2248 183 2296 Nullos
194 2251 270 2297 habuit
280 2252 365 2303 hortos,
378 2252 461 2297 nullam
473 2253 619 2299 suburbanam
634 2260 674 2299 ιιιι
686 2252 772 2299 mariti-

97 2328 159 2360 mam
171 2322 309 2363 summosam
320 2316 404 2368 villam
416 2332 523 2377 nequem
534 2315 601 2363 Itnlre
615 2318 709 2381 (praeter
724 2318 772 2363 Ar·
782 2327 787 2332 ·

97 2380 213 2425 deatinum
224 2388 248 2425 et
258 2378 440 2441 Nomentanum)
456 2382 565 2427 rusticum
580 2382 702 2456 praedinm:
722 2396 773 2425 om-

97 2444 179 2503 nisque
190 2446 238 2506 eJ'us
249 2446 350 2506 pecuniae
361 2445 445 2491 reditus
456 2446 588 2492 constabst'
582 2459 606 2490 ιιι
617 2444 739 2504 Epiroticis
750 2451 774 2490 et

97 2508 190 2555 urbanis
195 2510 379 2570 possessionibus.
396 2510 436 2557 Ex
446 2525 491 2570 quo
499 2524 606 2571 cognosci
600 2509 697 2569 'potest,
707 2522 774 2555 usum

98 2588 152 2619 eum
167 2575 276 2633 pecnniae,
293 2588 339 2621 non
353 2574 515 2637 magnitudine,
533 2573 572 2619 sed
588 2573 683 2625 ratione,
700 2572 776 2621 metiri

100 2637 201 2684 solitum.

571 2714 586 2744 ι.
