1859 2917
150 117 167 160 6
245 108 295 160 DE
311 109 392 161 SITU
409 110 519 167 onnls,
536 110 591 161 Ias-
604 112 626 160 Ι.
640 110 737 163 Cani·

154 240 252 289 confinia
262 241 359 294 devenit,
371 242 444 289 media
454 240 547 289 Nostris
561 243 689 303 aequoribus
699 242 825 304 excipiturt

156 307 241 366 reliqua
256 306 326 353 altero
341 321 411 351 comu
426 307 500 367 pergit
514 307 542 353 ad
556 306 644 361 Nilum,
660 308 731 354 altero
742 308 771 353 ad
782 306 832 353 Ta-

156 371 218 417 nain.
234 370 282 417 Ora
292 372 340 432 ejus
351 386 402 416 cum
413 371 478 416 alveo
489 370 538 416 Nili
547 373 620 419 amnis
628 369 705 436 [ripis]
714 372 831 419 descendit

157 434 181 481 ln
195 434 304 496 Pelasgum
321 442 344 481 et
359 435 403 488 diu,
420 436 479 481 sicut
492 436 546 482 illud
559 437 649 490 incedit,
665 439 698 483 lta
713 452 754 483 sua
763 435 832 483 litora

157 500 266 562 porrigit:
286 499 336 545 dein
351 499 376 544 fit
391 500 490 545 venienti
505 501 599 554 obviam,
613 510 637 548 et
651 501 748 563 primum
760 516 786 546 se
797 501 832 545 in-

81 598 83 609 ,
157 563 221 625 genti
232 564 315 609 ambitu
326 563 443 621 incurvat;
456 571 508 625 post
519 580 543 611 se
551 564 636 626 ingenti
646 565 723 612 fronte
730 565 759 611 ad
770 564 831 611 Hel·

159 628 307 690 lesponticum
323 626 405 673 fretum
422 629 537 675 extendit:
558 630 628 677 abeo
644 631 726 677 iterum
742 629 830 689 obliqua

159 693 187 739 ad
204 692 340 753 Bosporum,
359 692 486 753 iterumque
498 692 527 738 ad
542 692 662 741 Ponticum
676 695 738 741 latus
752 709 829 747 curva,

158 758 243 805 aditum
251 756 508 803 Maeotidostransverao
516 759 721 820 margineattingit.
741 755 832 820 [ipsam

159 822 246 884 gremio
257 822 285 867 sd
296 820 385 867 Tanain
396 826 469 881 usq'ue
478 822 615 887 complexa]
627 822 652 869 lit
660 824 714 884 ripa,
728 821 775 882 qui
785 821 833 869 Ta-

160 887 210 933 nais
227 894 269 933 est.
297 884 325 931 ln
342 883 368 931 ed
385 886 470 947 primos
486 887 601 933 hominum
617 888 645 933 ab
661 886 757 934 Oriente
772 888 832 933 aeci-

160 951 241 1013 pimus,
250 949 327 1002 Indos,
337 958 359 995 et
369 950 442 1003 Seras,
453 958 476 997 et
485 951 587 1011 Scythas
605 952 671 999 Seres
678 952 754 998 media
760 951 833 999 ferme

160 1014 220 1062 Eoae
234 1015 302 1075 partis
317 1015 431 1072 incoluut;
449 1014 502 1061 Indi
513 1023 536 1061 et
551 1016 644 1076 Scytbae
655 1015 749 1074 ultima;
767 1018 833 1063 ambo

160 1079 205 1125 late
223 1086 333 1140 patentes,
351 1094 424 1139 neque
440 1080 463 1125 in
483 1081 526 1127 hoc
541 1088 629 1127 tantum
638 1060 740 1143 belagus
757 1080 832 1127 effusi.
922 1113 923 1116 =

162 1144 269 1205 Spectant
280 1144 339 1189 enim
350 1144 417 1189 etiam
428 1144 549 1191 Meridiem
561 1144 612 1191 Indi
618 1162 627 1202 ;
642 1160 751 1205 oramque
758 1144 834 1191 Indici
922 1177 923 1180 =

124 1242 127 1249 -
161 1209 230 1255 maris
245 1209 299 1271 (nisi
313 1208 386 1269 quoad
402 1216 471 1255 aestus
487 1209 649 1256 inhabitabilem
666 1206 778 1269 efficiunt)
796 1210 834 1257 diu

161 1274 273 1321 continuis
281 1272 386 1334 gentibus
397 1280 515 1335 occupant.
534 1274 641 1336 Spectant
651 1282 675 1321 et
685 1274 836 1336 septemtrio-

163 1352 215 1385 nem
225 1338 328 1398 Scythae3
341 1353 367 1384 ac
377 1338 430 1383 litus
443 1338 573 1399 Scytbicum
585 1340 639 1403 (nisi
647 1340 707 1385 unde
713 1339 839 1401 frigoribus

161 1398 277 1461 arcentur)
293 1418 363 1463 usque
377 1402 405 1449 ad
417 1401 524 1465 Caspium
539 1404 613 1450 sinum
625 1404 747 1466 possident.
770 1402 836 1450 ludis

179 1466 264 1512 roxima
282 1473 317 1513 est
335 1466 427 1520 Ariane,
448 1468 528 1514 deinde
547 1469 609 1522 Aria,
630 1476 653 1515 et
672 1467 787 1522 Cedrosis,
812 1475 837 1515 et

161 1483 239 1577 i'ersis
255 1530 283 1577 ad
298 1532 370 1577 sinum
388 1530 511 1579 Persicum.
533 1532 605 1579 Hunc
619 1534 694 1595 populi
712 1532 836 1580 Persarum

162 1596 269 1649 ambiunt,
282 1596 344 1642 illum
356 1596 449 1643 alterum
460 1597 555 1644 Arabes.
573 1597 611 1644 Ab
619 1599 653 1644 his
664 1598 725 1659 quod
735 1598 760 1643 in
771 1598 838 1645 Afri-

162 1676 211 1707 cam
229 1668 305 1715 restat,
326 1660 460 1722 AEthiopum
477 1670 519 1709 est.
542 1662 593 1709 Illic
608 1661 721 1724 Caspiani,
742 1663 838 1726 Scythis

160 1726 265 1788 proximi,
283 1726 356 1773 sinum
368 1724 475 1788 Caspium
487 1728 588 1789 cingunt.
614 1726 683 1773 Ultra
691 1728 834 1781 Amazones,

161 1790 264 1851 ultraque
275 1806 313 1838 eas
325 1789 467 1852 Hyperborei
477 1807 527 1839 esse
537 1799 697 1838 memorantur.
721 1790 838 1839 Interiora

163 1862 272 1901 terrarum
287 1857 366 1902 mulne
380 1856 494 1916 variaeque
508 1864 588 1919 gentes
599 1858 714 1914 habitant;
733 1856 838 1903 Gandari

136 1953 139 1958 .
162 1925 186 1964 et
197 1917 293 1973 Pariani,
310 1929 333 1967 et
347 1920 432 1973 Bactri,
449 1922 564 1983 Sogdiani,
578 1921 775 1982 Harmatotrophi,
788 1918 839 1968 co-

162 1997 239 2037 marae,
253 1982 356 2038 Comani,
370 1980 541 2050 [Paropanisii]
554 1985 636 2038 Dabae,
650 2001 717 2048 super
729 1986 838 2046 Scythas,

163 2048 342 2109 Scytharumque
360 2050 454 2095 deserta.
485 2050 518 2097 At
537 2066 603 2111 super
624 2049 730 2112 Caspium
751 2051 837 2104 sinum,

163 2109 277 2166 Chomari,
288 2113 433 2175 Massagetae,
445 2112 544 2169 Cadusii,
555 2115 666 2175 Hyrcani,
677 2114 743 2160 Iberi.
764 2116 839 2175 Super

163 2176 296 2223 Amazonas
315 2185 338 2224 et
358 2177 526 2239 Hyperboreos,
548 2179 671 2233 Cimmerii,
693 2179 762 2233 Cissi,
785 2179 839 2225 He-

162 2239 259 2293 niochoe,
279 2242 373 2303 Georgi,
392 2242 491 2297 Moschi,
511 2243 621 2298 Cercetae,
639 2243 740 2297 Toretae,
757 2244 840 2289 Arim-

160 2303 235 2365 phaei3
256 2312 330 2364 atque,
349 2307 385 2352 ubi
402 2308 425 2352 in
442 2307 529 2355 Nostra
545 2309 616 2354 maria
631 2315 717 2354 tractus
738 2308 836 2362 excedit,

163 2366 268 2421 Matiani,
288 2368 400 2423 Tibareni,
421 2379 445 2417 et
461 2373 561 2433 (notiora
575 2374 624 2434 jam
641 2369 743 2431 nomina)
762 2372 838 2426 Medi,

161 2430 273 2485 Armenii,
285 2432 441 2495 Commageni,
451 2435 604 2497 Mariandyni,
614 2436 705 2489 Veneti,
717 2435 840 2497 Cappado-

162 2509 207 2548 ces,
221 2497 366 2558 Gallograeci,
379 2496 507 2559 Lycaones,
520 2499 632 2562 Phryges,
648 2500 740 2560 Pisidae,
754 2500 837 2554 Isauri,

162 2556 230 2616 Lydi.
252 2562 391 2621 Syrocilices.
424 2563 515 2609 Rursus
536 2580 565 2610 ex
587 2566 693 2627 hisquae
712 2565 838 2611 Meridiem

161 2629 269 2679 spectant,
288 2622 439 2691 [eaedemque]
455 2634 537 2689 gentes
555 2621 662 2677 interiora
677 2630 743 2677 litore
758 2635 839 2677 tenent
