1859 2917
176 86 227 157 nn
243 102 324 157 srru
339 104 449 162 onnus.
466 104 522 155 ns
532 77 556 154 ἰ
575 104 637 156 cn.
649 72 700 155 η’
737 112 769 159 ιι

101 238 155 289 liter
164 231 245 291 lienus,
257 236 415 314 retrahensque
424 232 531 299 peulslim
542 251 594 283 orer
604 252 676 298 usque
685 237 733 285 ed'
727 253 773 287 um

100 303 189 351 montis
203 300 260 349 ldae.
289 300 315 347 Is
328 302 402 364 primo
502 302 593 349 urbibus
600 302 771 380 adspersuscst,
825 349 828 354 .

103 366 337 430 quarumclerissimr
354 373 389 415 est
407 315 522 415 ffin·
553 367 648 414 Gremio
666 368 773 415 interiore

104 447 205 493 compris.
229 430 308 477 'Thebe
333 431 431 484 nomine,
457 424 625 492 Adramyttion,
652 432 769 493 Astyrum,

102 496 226 558 Chrysam,
242 496 328 571 oppida,
344 496 423 542 eodem
434 510 480 556 quo
490 496 550 543 dictu
559 503 612 542 sunt
623 497 701 543 ordine
710 497 771 559 adjo-

104 561 186 614 oeutie,
196 561 310 619 continet·
321 574 345 606 ιιι
353 561 422 607 altero
430 560 500 607 lateoe
507 560 657 608 Antandrum.
677 562 771 623 Duplex

104 640 173 675 mura
183 625 279 673 nominis
284 626 390 688 jactetur.
407 623 455 671 Alii
463 625 594 680 Ascrniurn,
601 625 684 673 AEnere
690 626 770 681 filium,

102 706 158 739 cum
169 690 198 737 ibi
209 697 320 752 regnaret,
333 696 422 751 mptum
433 704 447 736 ι
458 688 567 751 Pelasgis,
579 688 606 737 ed
616 706 641 737 se
651 691 772 739 redemisse

103 762 297 812 commemornnt;
314 755 350 801 ulli
364 755 392 801 ab
406 754 441 800 his
453 762 534 816 putent
543 755 663 809 conilitnm,
675 771 732 815 quos
742 772 772 803 ex
853 799 855 802 ,

104 820 189 869 Andro
203 817 276 866 insulis
289 820 324 866 vin
339 826 362 865 et
373 820 453 866 seditio
466 826 580 880 exegerat.
607 818 672 884 Hinc
685 820 709 866 hi
720 820 772 866 An-

101 886 211 933 tandrum
226 884 288 945 quusi
298 900 339 946 pro
354 884 441 938 Andro,
455 884 488 931 illi
501 884 564 944 quusi
578 900 619 945 pro
629 884 686 939 viro,
701 886 772 947 accipi
846 913 850 923 1

104 951 195 997 volunt.
219 950 320 1009 Sequens
334 955 418 996 tractus
433 949 507 1010 tmgit
522 948 632 1010 Gorgen,
648 957 671 996 et
686 951 771 1005 Asson,

102 1014 237 1063 ,AEollorum
247 1014 353 1060 colonius.
372 1012 434 1061 Tum
449 1013 511 1059 tlnun
524 1013 587 1067 alter,
599 1022 684 1074 tynum
693 1021 771 1070 Λιμην,

104 1094 154 1127 non
164 1080 233 1139 longe
243 1079 271 1125 ub
282 1077 325 1125 Ilio
335 1078 402 1125 litora
415 1078 525 1131 incursat,
539 1080 593 1125 urb'e
601 1078 660 1124 bello
675 1078 775 1124 excidio-

103 1159 151 1205 que
161 1140 289 1191 clarissimi.
309 1140 358 1189 Hic
366 1142 459 1205 Sigeum
469 1142 513 1189 fuit
523 1143 642 1204 oppidum:
655 1139 693 1188 hic
700 1144 773 1189 Achi-

103 1223 188 1255 vorum
202 1207 245 1254 fuit
258 1207 388 1254 bellantium
402 1208 477 1255 statio.
504 1206 560 1253 Huc
574 1208 602 1253 ab
617 1206 681 1253 Idreo
695 1215 774 1255 monte

102 1273 218 1320 demissus
232 1272 368 1321 Scamander
378 1273 432 1326 exit,
445 1279 469 1318 et
482 1271 572 1326 Simois,
583 1270 721 1331 tanlquam
732 1287 773 1319 ns·

104 1336 158 1384 turri
165 1340 250 1399 maJora
258 1336 358 1385 flumina.
374 1335 426 1399 lpse
436 1352 503 1383 mons
512 1344 589 1383 vetere
599 1335 712 1383 Diuorum
724 1352 773 1383 cer-

102 1403 197 1455 tamine,
214 1402 328 1464 etjudicio
340 1401 434 1456 Paridis,
450 1409 593 1455 memoratus,
609 1401 719 1449 orientem
735 1416 773 1448 so·

102 1468 151 1515 lem
162 1466 231 1520 aliter,
244 1481 310 1526 quum
320 1467 345 1512 in
354 1466 403 1513 eliis
413 1467 479 1514 terris
487 1468 545 1513 solet
554 1466 645 1527 adispici,
657 1473 768 1513 ostentet:

103 1546 204 1592 nexuque
214 1546 243 1578 ex
254 1546 342 1577 summo
356 1532 440 1577 vertice
453 1532 503 1593 eJus
519 1532 689 1593 speculantibus,
706 1546 773 1592 paene

101 1613 119 1645 e
130 1594 204 1643 mouit
215 1604 281 1643 nocte
292 1596 361 1657 sponsi
371 1596 436 1658 ignes
449 1596 533 1657 passim
547 1596 637 1649 micare,
653 1603 683 1649 et.
695 1603 722 1642 ut
731 1596 773 1643 lux

102 1661 275 1724 appropinquet,
291 1661 325 1707 ita
340 1661 400 1707 coire
414 1675 440 1707 ac
458 1675 483 1707 se
499 1661 637 1723 conjungere
652 1660 772 1718 videntur3

104 1728 187 1779 donec,
199 1726 272 1787 magis
282 1726 398 1787 magisque
408 1726 503 1779 collecti,
514 1725 630 1786 pauciores
640 1724 739 1778 subinde.
749 1732 774 1771 et

32 1802 36 1809 ·
104 1789 153 1839 und
170 1792 198 1838 nd
214 1797 352 1852 postremum
371 1788 462 1837 flummd
480 1790 578 1837 srdeunt.
607 1788 645 1837 Ea
663 1804 715 1835 cum
734 1789 773 1836 diu

104 1856 168 1903 clare
178 1862 201 1901 et
210 1855 313 1901 incendio
325 1855 402 1901 similis
412 1853 502 1909 effirlsit,
514 1855 577 1917 cogit
587 1870 612 1900 se
622 1870 649 1901 sc
659 1854 771 1908 rotundat,

105 1930 131 1969 et
138 1920 165 1966 lit
172 1920 253 1983 ingens
263 1920 351 1981 globus.
378 1919 428 1966 Diu
438 1920 458 1965 is
468 1934 557 1980 quoque
566 1919 665 1982 grundis,
677 1926 700 1966 et
708 1921 773 1966 terris

106 1999 217 2039 annexus,
239 1990 344 2047 apparet:
363 1984 443 2031 deinde
462 1984 568 2045 poulntim
587 1985 724 2039 decrescens,
742 1991 773 2039 et,

107 2057 193 2112 quanto
204 2050 318 2103 decrescit,
331 2065 358 2097 eo
369 2050 455 2103 clarior,
466 2048 532 2111 lugat
539 2048 662 2097 novissime
668 2057 774 2107 noctem;

109 2122 200 2162 etcum
215 2115 251 2161 die
261 2116 309 2177 jum
325 2115 359 2161 sol
372 2115 452 2168 fectus.
466 2114 584 2169 attollitur.
613 2114 688 2161 Extra
698 2115 772 2161 sinum

106 2186 162 2227 suut
174 2179 274 2227 Rhoetes
283 2180 355 2234 litora,
366 2178 467 2227 Rhoeteo
477 2186 502 2226 et
511 2178 627 2227 nnumin
637 2179 703 2226 claris
714 2180 774 2225 urbi·

105 2246 156 2299 bus,
174 2244 251 2307 AJscis
261 2252 337 2291 tumen
348 2245 449 2306 sepulcro
460 2244 668 2291 maximeillusnir.
690 2244 728 2290 Ab
738 2244 775 2291 his

105 2308 134 2356 fit
151 2310 233 2357 arctius
249 2324 325 2367 mare3
343 2324 385 2357 nec
394 2311 442 2372 jam
459 2309 523 2355 alluit
538 2316 623 2367 ωιτη;
640 2308 681 2355 sod
697 2323 775 2355 rursus

106 2373 217 2428 dividens,
234 2381 331 2451 angusto
342 2373 486 2436 Hellesponti
494 2373 554 2421 freto
565 2375 620 2421 litus
630 2373 720 2419 obvium
731 2371 775 2419 fin

108 2440 156 2498 dit;
172 2438 270 2501 iecitque
280 2440 396 2489 utiterum
406 2447 480 2495 tenue,
490 2454 534 2501 qun
521 2436 602 2493 fluit,
613 2438 684 2485 lutera
694 2437 748 2483 sint.

538 2701 588 2749 un
