1859 2917
207 110 258 165 DE
274 108 355 161 srrU
370 109 480 167 ouals,
497 109 552 161 Lu.
564 110 601 160 la
614 110 676 162 Car·
688 116 715 163 7.
759 121 802 177 49,

121 240 379 297 continuaeaaelitorn'
392 248 416 288 et
430 240 791 306 nonperiumpelafflmprodl.

120 314 174 353 tum
180 322 207 365 ae
216 307 340 359 arbitratua,
350 306 469 353 occiderat.
487 307 561 354 Abeo
569 308 599 353 ad
608 307 741 369 Pachynum
750 326 791 359 ora

119 386 175 433 quae
185 372 319 424 extenditur,
327 369 418 417 lonium
425 372 610 433 mareattingena,
618 371 668 418 iraec
676 372 790 423 fertillua·

119 436 172 489 tria,
184 435 322 489 Messanam,
334 434 519 489 Tauromenium,
535 434 648 490 Qunam,
659 435 788 499 Megaram

119 500 252 561 Syracusae,
264 501 318 547 etin
329 500 356 546 iia
366 500 488 546 mirabilem
498 499 644 547 Arethusam.
669 500 733 550 Pone
743 512 787 560 eet,

117 564 199 625 inquo
207 564 375 626 vicunturJacta
384 565 408 609 in
419 564 532 625 Alphiium
539 580 636 617 amnem,
646 573 672 611 ut
682 566 787 623 diximua,

117 626 312 691 Pdoponneaiaco
319 629 380 676 litori
386 628 502 686 insuaum3
513 629 573 675 unde
581 629 732 685 illecreditur,
739 647 788 679 non

117 693 520 755 aeconaociarepelago,aedaubter
534 694 604 740 moria
619 702 733 755 terraeque
747 696 787 745 de-

115 772 216 819 preaaua,
228 759 273 805 huc
284 772 351 819 agere
360 757 456 809 alveum,
465 765 533 819 atque
540 759 577 804 hic
587 773 613 805 ae
622 772 700 805 ruraua
710 762 786 808 extol-

116 822 174 869 lere.
193 821 258 869 luter
268 821 401 883 Pachynum
414 828 437 869 et
448 821 584 883 Lilybaeum,
595 822 698 884 Acragm
709 833 751 879 eat,
763 834 787 873 et

117 886 240 940 Heraclea,
252 892 275 933 et
285 885 405 933 luem:
424 887 484 935 iuter
498 887 626 948 Lilybaeum
637 894 661 934 ct
672 886 787 949 Pelorida,

117 950 255 1005 Panormus,
273 958 297 997 et
316 949 425 997 Himera:
444 950 538 998 interius
555 967 611 999 vero
630 950 745 1008 Leontini,
763 963 787 1002 et

117 1013 300 1077 Centuripinum,
312 1021 335 1062 et
344 1012 429 1076 Hybla,
439 1015 533 1077 aliaeque
544 1017 682 1078 complorat
700 1017 785 1067 famam
797 1015 804 1025 ”

114 1081 192 1135 habet,
202 1082 231 1127 ob
239 1078 328 1127 Cereris
336 1080 451 1141 templum,
461 1079 537 1127 Enna.
557 1080 669 1143 Praecipui
675 1085 787 1131 montium

114 1143 192 1205 Eryx,
211 1144 308 1191 maxime
321 1152 458 1191 memoratus
472 1146 502 1191 ob
515 1145 631 1191 delubrum
648 1144 745 1194 Veneria
758 1149 786 1194 ab

115 1207 195 1256 AEnei
204 1208 333 1266 conditum3
351 1217 374 1255 et
384 1208 464 1263 AEtna,
473 1225 525 1271 quae
537 1207 649 1270 Cyclopea
660 1209 713 1256 olim
724 1212 783 1267 tulit,

115 1288 179 1321 nuno
189 1273 283 1320 aaaiduia
296 1274 386 1335 ignibus
400 1271 493 1336 flagrat.-
513 1272 557 1337 De
567 1275 676 1327 aurnibua,
689 1274 786 1325 Himera

115 1338 253 1391 referendus,
265 1338 318 1398 quia
326 1339 350 1384 in
361 1337 434 1385 medii
445 1338 566 1385 admodum
576 1344 646 1392 ortua,
661 1339 686 1385 in
697 1340 785 1389 diveraa

114 1402 221 1456 decurrit,
230 1402 377 1463 scindensque
386 1418 436 1449 eam
448 1402 567 1465 utrimque,
576 1403 620 1450 alio
631 1420 671 1451 ore
679 1404 704 1450 in
713 1405 785 1467 Liby-

114 1484 176 1521 cum,
186 1468 230 1514 alio
239 1467 264 1514 in
273 1466 375 1514 Tuscum
385 1483 447 1515 mare
454 1469 552 1515 devenit.
571 1466 638 1516 (ἔται
644 1468 750 1525 Siciliam,
759 1471 784 1517 in

113 1531 268 1599 Siculolreto,
280 1540 315 1579 eat
328 1532 402 1585 AEaee,
411 1548 479 1592 quam
490 1529 613 1595 [Calypso]
625 1532 735 1581 habitiaae
748 1535 783 1582 di-

111 1596 187 1654 citur;
199 1596 299 1644 Africam
305 1612 391 1649 versun,
402 1597 496 1651 Gaulos,
507 1596 596 1651 Melita,
606 1596 706 1645 Coaaura
712 1616 721 1656 ;
729 1615 783 1661 pro-

113 1662 166 1724 piua
174 1660 271 1715 Italian,
282 1662 371 1715 Galata,
383 1669 406 1707 et
416 1661 461 1708 illae
472 1668 565 1724 neptem,
574 1676 629 1722 quaa
637 1661 701 1708 AEoli
708 1664 783 1725 appel-

110 1726 168 1780 lant,
178 1726 296 1779 Oeteodea,
306 1725 396 1788 Lipara,
404 1723 525 1781 Heraclea,
536 1725 645 1787 Didyme,
658 1725 782 1774 Phoenicu-

112 1806 147 1845 aa,
159 1806 196 1853 ac,
205 1791 263 1837 aicut
274 1788 353 1843 AEtna,
364 1798 473 1853 perpetuo
483 1789 605 1853 flagrantes
615 1791 669 1853 igne
678 1791 751 1839 Hiera
758 1801 782 1840 et

111 1855 245 1919 Strongyle.
262 1854 307 1903 Sed
318 1854 445 1909 Pithecusa,
458 1853 595 1908 Leucothea,
611 1854 712 1911 AEnaria,
726 1856 782 1903 Phi.

111 1919 183 1973 tonia,
196 1917 298 1981 Capreae,
312 1918 432 1980 Prochyta,
449 1917 547 1972 Pontiae,
560 1918 700 1974 Pandateria,
713 1922 782 1969 Sino-

110 1985 159 2038 nia,
170 1982 288 2038 Palmaria,
301 1982 381 2030 Italico
390 1983 462 2039 lateri,
474 1984 531 2031 citra
540 1982 647 2032 'liberina
657 1985 729 2039 Oatia,
741 1987 783 2034 cb-

106 2052 194 2113 ‚iacent
212 2047 281 2096 Ultra
290 2048 374 2109 aliquot
389 2055 442 2095 aunt
451 2064 535 2111 paren,
547 2047 665 2104 Dianium,
678 2049 779 2113 Igilium,

111 2112 232 2166 Carbanin
248 2112 323 2176 Urgo,
337 2111 395 2166 Ilva,
408 2111 528 2175 Capraria:
548 2114 599 2160 duae
613 2114 718 2176 granden
733 2115 780 2163 ire-

110 2186 183 2239 toque
199 2177 284 2232 divinae,
302 2176 397 2226 Corsica
406 2184 430 2224 et
441 2177 555 2236 Snrdiuia3
571 2193 665 2239 quarum
677 2178 780 2238 coram,

109 2242 214 2293 Etrusco
228 2242 289 2289 litori
304 2242 402 2303 propior,
417 2242 476 2289 intra
490 2244 560 2290 latera
574 2244 648 2292 tenuia
663 2251 687 2291 et
701 2245 779 2307 longa,

109 2315 262 2371 praeterquam
278 2307 315 2353 ubi
325 2307 404 2354 Aleria
418 2314 441 2354 et
457 2307 563 2356 Mariana
578 2308 674 2355 coloniae
690 2316 750 2363 eunt,
767 2325 781 2356 a

108 2372 210 2421 barbaria
220 2372 315 2418 colitur:
328 2370 437 2429 Sardinia,
446 2372 550 2419 Africum
556 2372 650 2434 pelagus
658 2373 779 2433 attingens,

110 2438 157 2485 niai
168 2436 229 2497 quod
239 2438 263 2481 in
270 2435 415 2483 Occidentem
427 2450 493 2501 quam
504 2437 528 2482 in
535 2437 652 2483 Orientem
663 2437 781 2497 angustius

110 2508 207 2565 epectat,
218 2516 258 2562 par
266 2508 289 2548 et
299 2501 406 2561 quadrata
416 2501 520 2562 undique,
529 2507 553 2547 et
563 2514 673 2560 nunquam
684 2514 730 2545 non
741 2501 783 2547 ali-

110 2573 196 2629 quanto
202 2565 366 2627 catapotioaior,
374 2581 442 2626 quam
449 2565 622 2626 ubilongiaaima
629 2570 664 2610 eat
673 2562 782 2621 Cornica;

110 2639 220 2683 ceterum
230 2628 316 2686 fertilia,
329 2638 352 2679 ct
360 2630 401 2681 aoli
412 2646 480 2692 quam
490 2629 543 2678 ooeli
554 2628 659 2683 mdioria,
670 2635 744 2690 atque,
757 2637 783 2679 ut
