1859 2917
170 114 220 165 nn
231 100 310 165 smu
321 96 429 171 oanis,
448 116 547 164 nnn
566 116 627 167 cn.
638 120 661 163 ε.
716 114 746 159 u

80 246 158 301 eaedis,
169 246 229 295 inter
238 246 354 310 opprobrie
361 246 398 295 vei
407 246 538 294 maximum.
557 245 597 293 Ne
605 244 690 293 fmdern
699 242 751 306 qui·

80 312 133 357 dem
150 311 266 358 incruento
281 319 349 370 sunt;
369 312 470 358 saucient
485 327 517 366 se,
534 312 571 372 qni
589 311 749 373 paciscuntur3

80 384 240 437 exerntumque
257 376 388 438 sanguinem
402 376 439 422 ubi
451 374 607 437 penniscueire,
619 376 747 437 degustent.

80 438 111 486 Id
121 448 201 502 putant
216 455 328 487 mensurae
342 440 393 487 fidei
409 440 493 502 pignus
507 440 664 487 senissimum.
685 437 750 485 Inter

80 501 167 566 epulus,
177 512 232 565 quot
242 506 334 565 quisque
344 504 487 557 interfecerit,
501 504 588 557 referre,
600 503 716 551 iaetissime
725 510 750 549 et

81 569 263 629 frequentissime
280 570 381 616 mentior
401 570 503 629 binisque
519 570 612 631 poculis,
626 568 664 629 qui
678 568 749 629 pluri·

81 648 134 679 mos
145 632 247 687 retulere,
259 641 385 695 perpotant.
400 632 424 679 Is
432 634 599 695 interjocantes
606 634 680 679 honor
689 648 749 693 prte-

82 699 162 760 eipuus
171 705 212 745 est·
231 697 323 751 Pocula,
335 706 362 744 ut
372 698 501 745 Essedones
514 698 647 759 parentium,
663 698 696 743 itu
704 698 749 743 ini·

82 764 257 809 misissimorurn
268 763 375 825 capitibus
388 762 512 824 expoliunt.
537 762 606 824 Apud
618 762 750 823 Anthropo-

80 829 170 889 phagos
178 828 233 889 ipsae
244 828 310 874 etiam
319 828 391 889 epulae
398 826 519 873 visoeniuus
529 825 632 873 humanis
642 840 750 887 apparunt

80 900 126 937 tur.
144 892 229 939 Geloni
239 892 336 937 hostium
347 892 434 939 cutibus
447 906 518 952 equos
531 906 600 951 seque
615 890 705 948 velunt3
722 891 746 937 il-

75 957 117 1003 'los
133 956 211 1017 reiiqui
227 956 332 1017 corporis,
353 972 377 1003 se
392 956 497 1017 mpitum.
515 954 686 1002 Melanchlaenis
700 962 749 1003 stru

80 1022 161 1074 vestis,
173 1028 197 1067 et
207 1034 237 1067 en
246 1018 273 1067 ei
284 1036 372 1067 nomen.
388 1019 474 1067 Neun'r
488 1026 571 1067 statum
581 1020 676 1082 singulis
691 1026 750 1067 tem-

81 1100 125 1147 pus
137 1092 178 1139 est,
191 1099 243 1145 quo,
256 1084 274 1131 si
285 1086 361 1139 velint,
373 1086 397 1130 in
406 1085 479 1146 lupos,
488 1085 613 1145 iterumque
622 1085 646 1129 in
661 1086 750 1145 eosqui

81 1147 155 1203 fuere,
168 1157 289 1197 mutentur.
309 1150 374 1196 Mars
387 1152 487 1195 omnium
494 1148 574 1205 Deus3
586 1149 613 1202 ei.
628 1163 669 1209 pro
680 1150 750 1195 simu-

82 1215 158 1268 lacris,
175 1229 240 1261 enses
259 1222 282 1261 et
300 1215 407 1261 cinctoria
420 1214 529 1266 dedicunt,
545 1214 691 1273 hominesque
708 1230 750 1275 pro

81 1279 183 1325 victimis
192 1278 282 1325 feriunt.
300 1278 379 1325 Terrae
389 1279 433 1325 lete
441 1285 527 1339 putent,
539 1285 569 1330 et,
582 1279 611 1323 ob
620 1278 751 1336 excedentis

73 1344 144 1405 'ripas
155 1359 207 1389 suus
218 1344 346 1404 plerumque
358 1342 457 1395 flumina,
477 1356 587 1402 nusquam
603 1356 649 1387 non
666 1343 695 1388 ud
710 1357 751 1404 pn-

81 1407 244 1465 bulsfertiles5
256 1408 335 1454 alieubi
343 1407 476 1467 usqueadeo
487 1407 573 1453 steriles
582 1406 611 1452 sd
618 1415 706 1462 eaeteru,
716 1414 749 1463 ut,

83 1474 123 1533 qui
135 1473 242 1527 habitunt,
254 1472 366 1537 dgnorum
374 1479 475 1537 egentes,
486 1472 552 1535 ignes
562 1472 649 1519 ossibus
656 1472 724 1519 alunt.

288 1727 347 1779 cn.
361 1725 554 1775 1L-Tltmcr's.

97 1874 100 1881 ’
119 1858 167 1905 His
177 1846 274 1905 Thumiu
286 1858 388 1968 proximu
401 1862 450 1906 est:
467 1872 538 1919 euque
553 1872 567 1905 u
578 1856 669 1905 Pontici
678 1859 754 1920 interis

83 1924 162 1971 fronte
172 1923 277 1983 usquein
302 1922 392 1983 llyricos
405 1924 496 1984 penitus
505 1924 611 1975 immisse,
624 1922 754 1983 quffirterr

78 1991 140 2053 vagit,
161 1985 222 2033 Istro
234 1988 359 2049 pelagoque
374 1988 519 2049 contingitur.
546 1988 622 2050 Regio
638 1990 778 2043 nec'eoelw

83 2054 140 2101 laeta
149 2054 267 2111 necs0105
286 2060 316 2106 et,
336 2053 379 2099 nisi
396 2052 440 2113 qud
457 2053 514 2098 muri
529 2054 620 2115 propior
635 2061 677 2107 ert,
694 2049 753 2101 inie-
805 2096 808 2099 .

84 2118 166 2170 eunde,
178 2116 268 2182 frigido,
274 2114 404 2183 eorumque,
414 2132 465 2178 quae
476 2126 588 2171 seruntur,
605 2119 706 2181 maligne
714 2114 753 2166 ud-

84 2183 178 2229 modum
190 2181 283 2243 patiens
295 2196 345 2228 roro
357 2198 449 2243 usquam
457 2182 588 2244 pomiferum
598 2184 755 2237 arboremsri-

84 2255 132 2294 tem
143 2244 282 2311 frequentius
289 2242 388 2311 tolerat:
403 2247 441 2292 sed
455 2262 498 2293 nec
509 2250 557 2310 ejrrs
567 2246 657 2307 quidem
667 2248 755 2295 fruetus

84 2320 185 2371 maturat
199 2326 225 2357 ac
236 2311 331 2373 mitigat,
344 2312 386 2357 nisi
398 2313 434 2357 ubi
443 2310 530 2372 frigora
545 2314 632 2374 objertu
641 2311 755 2358 frondium

83 2378 185 2423 cultores
195 2372 293 2421 arcuere.
312 2374 385 2421 'Viros
400 2377 520 2437 benignius
534 2377 588 2432 alit;
601 2391 646 2421 non
661 2376 689 2420 nd
705 2391 757 2436 spe-

79 2442 144 2487 'eiem
152 2448 228 2485 tamen
240 2441 303 2503 (narn
317 2449 340 2487 et
354 2442 399 2487 illie
408 2456 473 2502 asper
481 2447 548 2500 utque
557 2440 663 2485 indecens
676 2452 758 2499 eorpo-

84 2520 136 2551 rum
148 2504 236 2550 habitus
248 2502 302 2564 est),
318 2512 425 2551 coeterum
436 2505 464 2551 ud
474 2505 580 2551 ferociam
588 2512 614 2557 ¹et
629 2516 756 2556 numerum,
833 2539 836 2544 .

76 2566 112 2616 ‘ut
123 2569 189 2615 multi
200 2570 342 2629 immitesque
353 2570 405 2621 sint,
414 2570 513 2615 maxime
519 2568 590 2613 ferax.
610 2564 758 2625 Paucos-om-

85 2649 126 2680 nes
135 2634 208 2711 quiin
218 2631 311 2697 pelagus
323 2634 428 2689 eredunt,
440 2648 519 2681 verum
531 2630 693 2685 celeberrimos,
706 2625 759 2679 He·

178 2724 183 2735 «
551 2711 565 2741 o
