<?xml version="1.0" encoding="UTF-8"?>
<!DOCTYPE html PUBLIC "-//W3C//DTD XHTML 1.0 Transitional//EN"
    "http://www.w3.org/TR/xhtml1/DTD/xhtml1-transitional.dtd">
<html xmlns="http://www.w3.org/1999/xhtml" xml:lang="en" lang="en">
 <head>
  <title>
</title>
<meta http-equiv="Content-Type" content="text/html;charset=utf-8" />
  <meta name='ocr-system' content='tesseract 3.04.00' />
  <meta name='ocr-capabilities' content='ocr_page ocr_carea ocr_par ocr_line ocrx_word'/>
</head>
<body>
  <div class='ocr_page' id='page_1' title='image "./corneliineoptis00melagoog_0131.png"; bbox 0 0 1859 2917; ppageno 0'>
   <div class='ocr_carea' id='block_1_1' title="bbox 180 136 764 194">
    <p class='ocr_par' dir='ltr' id='par_1_1' title="bbox 180 136 764 194">
     <span class='ocr_line' id='line_1_1' title="bbox 180 136 764 194; baseline 0.01 -9"><span class='ocrx_word' id='word_1_1' title='bbox 180 136 232 186; x_wconf 78' lang='lat' dir='ltr'>Du</span> <span class='ocrx_word' id='word_1_2' title='bbox 249 136 328 187; x_wconf 84' lang='lat' dir='ltr'>srTu</span> <span class='ocrx_word' id='word_1_3' title='bbox 345 137 454 194; x_wconf 82' lang='lat' dir='ltr'>ORBIS,</span> <span class='ocrx_word' id='word_1_4' title='bbox 472 138 558 187; x_wconf 71' lang='lat' dir='ltr'>Iaal.</span> <span class='ocrx_word' id='word_1_5' title='bbox 577 138 637 190; x_wconf 77' lang='lat' dir='ltr'>Car.</span> <span class='ocrx_word' id='word_1_6' title='bbox 648 147 673 189; x_wconf 74' lang='lat'>8.</span> <span class='ocrx_word' id='word_1_7' title='bbox 748 145 764 191; x_wconf 82' lang='lat' dir='ltr'>&#39;t</span> 
     </span>
    </p>
   </div>
   <div class='ocr_carea' id='block_1_2' title="bbox 82 266 771 1025">
    <p class='ocr_par' dir='ltr' id='par_1_2' title="bbox 82 266 771 1025">
     <span class='ocr_line' id='line_1_2' title="bbox 84 266 765 331; baseline 0.01 -19"><span class='ocrx_word' id='word_1_8' title='bbox 84 282 161 329; x_wconf 87' lang='lat' dir='ltr'>usque</span> <span class='ocrx_word' id='word_1_9' title='bbox 169 267 277 313; x_wconf 87' lang='lat' dir='ltr'>adsinum</span> <span class='ocrx_word' id='word_1_10' title='bbox 288 266 411 315; x_wconf 84' lang='lat' dir='ltr'>Persicam.</span> <span class='ocrx_word' id='word_1_11' title='bbox 430 270 503 331; x_wconf 78' lang='lat' dir='ltr'>Super</span> <span class='ocrx_word' id='word_1_12' title='bbox 511 270 571 316; x_wconf 85' lang='lat' dir='ltr'>hunc</span> <span class='ocrx_word' id='word_1_13' title='bbox 579 276 632 317; x_wconf 85' lang='lat' dir='ltr'>s&#39;unt</span> <span class='ocrx_word' id='word_1_14' title='bbox 642 270 728 324; x_wconf 89' lang='lat' dir='ltr'>Parthi,</span> <span class='ocrx_word' id='word_1_15' title='bbox 741 280 765 319; x_wconf 91' lang='lat' dir='ltr'>et</span> 
     </span>
     <span class='ocr_line' id='line_1_3' title="bbox 85 332 771 399; baseline 0.007 -20"><span class='ocrx_word' id='word_1_16' title='bbox 85 332 197 393; x_wconf 81' lang='lat' dir='ltr'>Assyrii:</span> <span class='ocrx_word' id='word_1_17' title='bbox 223 348 289 393; x_wconf 86' lang='lat' dir='ltr'>super</span> <span class='ocrx_word' id='word_1_18' title='bbox 307 332 369 379; x_wconf 89' lang='lat' dir='ltr'>illum</span> <span class='ocrx_word' id='word_1_19' title='bbox 389 334 484 379; x_wconf 89' lang='lat' dir='ltr'>alterum</span> <span class='ocrx_word' id='word_1_20' title='bbox 504 334 631 395; x_wconf 85' lang='lat' dir='ltr'>Babylonii,</span> <span class='ocrx_word' id='word_1_21' title='bbox 651 344 674 382; x_wconf 86' lang='lat' dir='ltr'>et</span> <span class='ocrx_word' id='word_1_22' title='bbox 696 348 771 399; x_wconf 77' lang='lat' dir='ltr'>super·</span> 
     </span>
     <span class='ocr_line' id='line_1_4' title="bbox 85 396 763 463; baseline 0.006 -18"><span class='ocrx_word' id='word_1_23' title='bbox 85 398 212 458; x_wconf 86' lang='lat' dir='ltr'>AEthinpas</span> <span class='ocrx_word' id='word_1_24' title='bbox 223 397 336 458; x_wconf 79' lang='lat' dir='ltr'>AEgyptii.</span> <span class='ocrx_word' id='word_1_25' title='bbox 354 396 420 459; x_wconf 85' lang='lat' dir='ltr'>liipis</span> <span class='ocrx_word' id='word_1_26' title='bbox 429 398 476 443; x_wconf 84' lang='lat' dir='ltr'>Nili</span> <span class='ocrx_word' id='word_1_27' title='bbox 486 400 557 445; x_wconf 82' lang='lat' dir='ltr'>amnis</span> <span class='ocrx_word' id='word_1_28' title='bbox 565 408 588 447; x_wconf 88' lang='lat' dir='ltr'>et</span> <span class='ocrx_word' id='word_1_29' title='bbox 597 401 651 446; x_wconf 87' lang='lat' dir='ltr'>mari</span> <span class='ocrx_word' id='word_1_30' title='bbox 659 402 763 463; x_wconf 81' lang='lat' dir='ltr'>proxima</span> 
     </span>
     <span class='ocr_line' id='line_1_5' title="bbox 84 461 763 528; baseline 0.007 -20"><span class='ocrx_word' id='word_1_31' title='bbox 84 462 156 508; x_wconf 85' lang='lat' dir='ltr'>iidem</span> <span class='ocrx_word' id='word_1_32' title='bbox 176 461 281 524; x_wconf 83' lang='lat' dir='ltr'>AEgyptii</span> <span class='ocrx_word' id='word_1_33' title='bbox 299 463 421 523; x_wconf 79' lang='lat' dir='ltr'>possident</span> <span class='ocrx_word' id='word_1_34' title='bbox 452 462 544 511; x_wconf 84' lang='lat' dir='ltr'>Deinde</span> <span class='ocrx_word' id='word_1_35' title='bbox 563 464 646 511; x_wconf 82' lang='lat' dir='ltr'>Arabia</span> <span class='ocrx_word' id='word_1_36' title='bbox 665 464 763 528; x_wconf 79' lang='lat' dir='ltr'>angusti</span> 
     </span>
     <span class='ocr_line' id='line_1_6' title="bbox 83 526 762 591; baseline 0.007 -19"><span class='ocrx_word' id='word_1_37' title='bbox 83 526 285 586; x_wconf 79' lang='lat' dir='ltr'>frontesequentia</span> <span class='ocrx_word' id='word_1_38' title='bbox 291 528 356 573; x_wconf 90' lang='lat' dir='ltr'>litora</span> <span class='ocrx_word' id='word_1_39' title='bbox 363 528 460 589; x_wconf 84' lang='lat' dir='ltr'>attingit.</span> <span class='ocrx_word' id='word_1_40' title='bbox 482 527 632 591; x_wconf 79' lang='lat' dir='ltr'>liberiusque</span> <span class='ocrx_word' id='word_1_41' title='bbox 641 530 668 577; x_wconf 89' lang='lat' dir='ltr'>ad</span> <span class='ocrx_word' id='word_1_42' title='bbox 676 530 762 577; x_wconf 86' lang='lat' dir='ltr'>flexum</span> 
     </span>
     <span class='ocr_line' id='line_1_7' title="bbox 84 591 760 657; baseline 0.006 -20"><span class='ocrx_word' id='word_1_43' title='bbox 84 591 160 643; x_wconf 91' lang='lat' dir='ltr'>illum,</span> <span class='ocrx_word' id='word_1_44' title='bbox 173 605 239 651; x_wconf 89' lang='lat' dir='ltr'>quem</span> <span class='ocrx_word' id='word_1_45' title='bbox 252 606 317 652; x_wconf 82' lang='lat' dir='ltr'>supra</span> <span class='ocrx_word' id='word_1_46' title='bbox 328 593 451 645; x_wconf 70' lang='lat' dir='ltr'>retulimus,</span> <span class='ocrx_word' id='word_1_47' title='bbox 466 593 544 654; x_wconf 78' lang='lat' dir='ltr'>Syria3</span> <span class='ocrx_word' id='word_1_48' title='bbox 562 602 585 641; x_wconf 92' lang='lat' dir='ltr'>et</span> <span class='ocrx_word' id='word_1_49' title='bbox 596 596 618 640; x_wconf 90' lang='lat' dir='ltr'>in</span> <span class='ocrx_word' id='word_1_50' title='bbox 630 596 679 657; x_wconf 85' lang='lat' dir='ltr'>ipso</span> <span class='ocrx_word' id='word_1_51' title='bbox 691 596 760 651; x_wconf 83' lang='lat' dir='ltr'>flexu,</span> 
     </span>
     <span class='ocr_line' id='line_1_8' title="bbox 86 653 759 720; baseline 0.003 -17"><span class='ocrx_word' id='word_1_52' title='bbox 86 653 185 712; x_wconf 86' lang='lat' dir='ltr'>Cilicia;</span> <span class='ocrx_word' id='word_1_53' title='bbox 209 662 272 701; x_wconf 89' lang='lat' dir='ltr'>extra</span> <span class='ocrx_word' id='word_1_54' title='bbox 289 662 371 710; x_wconf 90' lang='lat' dir='ltr'>autem,</span> <span class='ocrx_word' id='word_1_55' title='bbox 392 656 465 717; x_wconf 85' lang='lat' dir='ltr'>Lycia</span> <span class='ocrx_word' id='word_1_56' title='bbox 481 665 504 703; x_wconf 90' lang='lat' dir='ltr'>et</span> <span class='ocrx_word' id='word_1_57' title='bbox 525 655 664 720; x_wconf 87' lang='lat' dir='ltr'>Pamphylia,</span> <span class='ocrx_word' id='word_1_58' title='bbox 685 658 759 714; x_wconf 80' lang='lat' dir='ltr'>Caria,</span> 
     </span>
     <span class='ocr_line' id='line_1_9' title="bbox 85 718 762 785; baseline 0.009 -20"><span class='ocrx_word' id='word_1_59' title='bbox 85 719 162 772; x_wconf 88' lang='lat' dir='ltr'>Ionia,</span> <span class='ocrx_word' id='word_1_60' title='bbox 174 718 256 773; x_wconf 86' lang='lat' dir='ltr'>AEolis,</span> <span class='ocrx_word' id='word_1_61' title='bbox 269 719 349 775; x_wconf 87' lang='lat' dir='ltr'>Troas,</span> <span class='ocrx_word' id='word_1_62' title='bbox 362 736 432 781; x_wconf 87' lang='lat' dir='ltr'>usque</span> <span class='ocrx_word' id='word_1_63' title='bbox 443 723 471 768; x_wconf 93' lang='lat' dir='ltr'>ad</span> <span class='ocrx_word' id='word_1_64' title='bbox 482 721 664 785; x_wconf 84' lang='lat' dir='ltr'>Hellespontum.</span> <span class='ocrx_word' id='word_1_65' title='bbox 685 725 762 771; x_wconf 82' lang='lat' dir='ltr'>Abeo</span> 
     </span>
     <span class='ocr_line' id='line_1_10' title="bbox 82 784 760 848; baseline 0.007 -18"><span class='ocrx_word' id='word_1_66' title='bbox 82 784 183 845; x_wconf 85' lang='lat' dir='ltr'>Bithyni</span> <span class='ocrx_word' id='word_1_67' title='bbox 194 792 246 830; x_wconf 87' lang='lat' dir='ltr'>sunt</span> <span class='ocrx_word' id='word_1_68' title='bbox 257 784 284 830; x_wconf 79' lang='lat' dir='ltr'>ad</span> <span class='ocrx_word' id='word_1_69' title='bbox 294 784 416 831; x_wconf 89' lang='lat' dir='ltr'>Thracium</span> <span class='ocrx_word' id='word_1_70' title='bbox 427 786 564 848; x_wconf 87' lang='lat' dir='ltr'>Bosporum.</span> <span class='ocrx_word' id='word_1_71' title='bbox 584 787 651 835; x_wconf 70' lang='lat' dir='ltr'>Circa</span> <span class='ocrx_word' id='word_1_72' title='bbox 660 787 760 835; x_wconf 84' lang='lat' dir='ltr'>Pontum</span> 
     </span>
     <span class='ocr_line' id='line_1_11' title="bbox 82 849 761 910; baseline 0.006 -15"><span class='ocrx_word' id='word_1_73' title='bbox 82 849 172 909; x_wconf 76' lang='lat' dir='ltr'>aliquot</span> <span class='ocrx_word' id='word_1_74' title='bbox 186 849 267 910; x_wconf 90' lang='lat' dir='ltr'>populi,</span> <span class='ocrx_word' id='word_1_75' title='bbox 284 849 327 895; x_wconf 86' lang='lat' dir='ltr'>alio</span> <span class='ocrx_word' id='word_1_76' title='bbox 342 850 430 909; x_wconf 87' lang='lat' dir='ltr'>alioque</span> <span class='ocrx_word' id='word_1_77' title='bbox 444 850 496 905; x_wconf 87' lang='lat' dir='ltr'>fine,</span> <span class='ocrx_word' id='word_1_78' title='bbox 513 867 559 898; x_wconf 91' lang='lat' dir='ltr'>uno</span> <span class='ocrx_word' id='word_1_79' title='bbox 575 868 654 899; x_wconf 87' lang='lat' dir='ltr'>omnes</span> <span class='ocrx_word' id='word_1_80' title='bbox 668 853 761 899; x_wconf 89' lang='lat' dir='ltr'>nomine</span> 
     </span>
     <span class='ocr_line' id='line_1_12' title="bbox 84 913 760 975; baseline 0.006 -15"><span class='ocrx_word' id='word_1_81' title='bbox 84 913 186 960; x_wconf 87' lang='lat' dir='ltr'>Pontici.</span> <span class='ocrx_word' id='word_1_82' title='bbox 216 913 254 959; x_wconf 82' lang='lat' dir='ltr'>ad</span> <span class='ocrx_word' id='word_1_83' title='bbox 272 914 353 969; x_wconf 85' lang='lat' dir='ltr'>lacurn,</span> <span class='ocrx_word' id='word_1_84' title='bbox 373 914 493 975; x_wconf 78' lang='lat' dir='ltr'>Maeotici3</span> <span class='ocrx_word' id='word_1_85' title='bbox 515 917 544 962; x_wconf 84' lang='lat' dir='ltr'>ad</span> <span class='ocrx_word' id='word_1_86' title='bbox 560 916 658 972; x_wconf 79' lang='lat' dir='ltr'>Tanain,</span> <span class='ocrx_word' id='word_1_87' title='bbox 676 918 760 965; x_wconf 88' lang='lat' dir='ltr'>Sauro·</span> 
     </span>
     <span class='ocr_line' id='line_1_13' title="bbox 83 984 163 1025; baseline 0 0"><span class='ocrx_word' id='word_1_88' title='bbox 83 984 163 1025; x_wconf 68' lang='lat' dir='ltr'>mutae·</span> 
     </span>
    </p>
   </div>
   <div class='ocr_carea' id='block_1_3' title="bbox 372 1074 471 1089">
    <p class='ocr_par' dir='ltr' id='par_1_3' title="bbox 372 1074 471 1089">
     <span class='ocr_line' id='line_1_14' title="bbox 372 1074 471 1089; baseline 0.03 -3"><span class='ocrx_word' id='word_1_89' title='bbox 372 1074 471 1089; x_wconf 49' lang='grc' dir='ltr'><em>...Η</em></span> 
     </span>
    </p>
   </div>
   <div class='ocr_carea' id='block_1_4' title="bbox 163 1166 678 1236">
    <p class='ocr_par' dir='ltr' id='par_1_4' title="bbox 163 1166 678 1236">
     <span class='ocr_line' id='line_1_15' title="bbox 163 1166 678 1236; baseline 0.006 -18"><span class='ocrx_word' id='word_1_90' title='bbox 163 1166 223 1218; x_wconf 71' lang='lat' dir='ltr'>Can.</span> <span class='ocrx_word' id='word_1_91' title='bbox 237 1166 411 1217; x_wconf 79' lang='lat' dir='ltr'>Ill-Brevis</span> <span class='ocrx_word' id='word_1_92' title='bbox 421 1172 526 1233; x_wconf 73' lang='lat' dir='ltr'>Europa</span> <span class='ocrx_word' id='word_1_93' title='bbox 536 1173 678 1236; x_wconf 76' lang='lat' dir='ltr'>Descriptio.</span> 
     </span>
    </p>
   </div>
   <div class='ocr_carea' id='block_1_5' title="bbox 81 1298 758 2141">
    <p class='ocr_par' dir='ltr' id='par_1_5' title="bbox 81 1298 758 2141">
     <span class='ocr_line' id='line_1_16' title="bbox 117 1298 758 1359; baseline 0.008 -13"><span class='ocrx_word' id='word_1_94' title='bbox 117 1298 212 1359; x_wconf 87' lang='lat' dir='ltr'>Europa</span> <span class='ocrx_word' id='word_1_95' title='bbox 230 1298 338 1345; x_wconf 87' lang='lat' dir='ltr'>terminos</span> <span class='ocrx_word' id='word_1_96' title='bbox 358 1300 431 1354; x_wconf 87' lang='lat' dir='ltr'>habet,</span> <span class='ocrx_word' id='word_1_97' title='bbox 454 1303 482 1348; x_wconf 84' lang='lat' dir='ltr'>ab</span> <span class='ocrx_word' id='word_1_98' title='bbox 503 1300 598 1349; x_wconf 86' lang='lat' dir='ltr'>Oriente</span> <span class='ocrx_word' id='word_1_99' title='bbox 616 1303 712 1356; x_wconf 79' lang='lat' dir='ltr'>Tanain,</span> <span class='ocrx_word' id='word_1_100' title='bbox 733 1310 758 1351; x_wconf 85' lang='lat' dir='ltr'>et</span> 
     </span>
     <span class='ocr_line' id='line_1_17' title="bbox 82 1362 757 1428; baseline 0.006 -17"><span class='ocrx_word' id='word_1_101' title='bbox 82 1363 204 1415; x_wconf 85' lang='lat' dir='ltr'>Maeotida,</span> <span class='ocrx_word' id='word_1_102' title='bbox 216 1370 239 1409; x_wconf 89' lang='lat' dir='ltr'>et</span> <span class='ocrx_word' id='word_1_103' title='bbox 250 1362 365 1421; x_wconf 90' lang='lat' dir='ltr'>Pontum;</span> <span class='ocrx_word' id='word_1_104' title='bbox 382 1382 395 1411; x_wconf 86' lang='lat' dir='ltr'>a</span> <span class='ocrx_word' id='word_1_105' title='bbox 406 1364 505 1412; x_wconf 84' lang='lat' dir='ltr'>Meridie</span> <span class='ocrx_word' id='word_1_106' title='bbox 518 1368 602 1428; x_wconf 89' lang='lat' dir='ltr'>reliqua</span> <span class='ocrx_word' id='word_1_107' title='bbox 616 1367 697 1414; x_wconf 85' lang='lat' dir='ltr'>Nostri</span> <span class='ocrx_word' id='word_1_108' title='bbox 708 1383 757 1415; x_wconf 90' lang='lat' dir='ltr'>ma·</span> 
     </span>
     <span class='ocr_line' id='line_1_18' title="bbox 81 1427 758 1494; baseline 0.01 -21"><span class='ocrx_word' id='word_1_109' title='bbox 81 1428 130 1485; x_wconf 86' lang='lat' dir='ltr'>ris;</span> <span class='ocrx_word' id='word_1_110' title='bbox 148 1428 175 1474; x_wconf 82' lang='lat' dir='ltr'>ab</span> <span class='ocrx_word' id='word_1_111' title='bbox 191 1427 313 1475; x_wconf 85' lang='lat' dir='ltr'>Occidente</span> <span class='ocrx_word' id='word_1_112' title='bbox 327 1428 481 1489; x_wconf 70' lang='lat' dir='ltr'>Atlanticum</span> <span class='ocrx_word' id='word_1_113' title='bbox 502 1447 516 1478; x_wconf 93' lang='lat' dir='ltr'>a</span> <span class='ocrx_word' id='word_1_114' title='bbox 532 1432 697 1494; x_wconf 79' lang='lat' dir='ltr'>septemtrione</span> <span class='ocrx_word' id='word_1_115' title='bbox 704 1432 758 1479; x_wconf 89' lang='lat' dir='ltr'>Bri-</span> 
     </span>
     <span class='ocr_line' id='line_1_19' title="bbox 82 1492 758 1557; baseline 0.007 -18"><span class='ocrx_word' id='word_1_116' title='bbox 82 1494 198 1539; x_wconf 89' lang='lat' dir='ltr'>tannicum</span> <span class='ocrx_word' id='word_1_117' title='bbox 211 1492 334 1539; x_wconf 84' lang='lat' dir='ltr'>Oceanum.</span> <span class='ocrx_word' id='word_1_118' title='bbox 357 1494 404 1541; x_wconf 86' lang='lat' dir='ltr'>Ora</span> <span class='ocrx_word' id='word_1_119' title='bbox 418 1496 473 1557; x_wconf 89' lang='lat' dir='ltr'>ejus,</span> <span class='ocrx_word' id='word_1_120' title='bbox 488 1495 562 1543; x_wconf 73' lang='lat' dir='ltr'>somni</span> <span class='ocrx_word' id='word_1_121' title='bbox 575 1498 665 1544; x_wconf 90' lang='lat' dir='ltr'>litorum</span> <span class='ocrx_word' id='word_1_122' title='bbox 681 1514 695 1545; x_wconf 85' lang='lat' dir='ltr'>a</span> <span class='ocrx_word' id='word_1_123' title='bbox 709 1497 758 1544; x_wconf 90' lang='lat' dir='ltr'>Ta-</span> 
     </span>
     <span class='ocr_line' id='line_1_20' title="bbox 83 1555 757 1622; baseline 0.009 -19"><span class='ocrx_word' id='word_1_124' title='bbox 83 1558 120 1603; x_wconf 85' lang='lat' dir='ltr'>nai</span> <span class='ocrx_word' id='word_1_125' title='bbox 137 1557 165 1603; x_wconf 88' lang='lat' dir='ltr'>ad</span> <span class='ocrx_word' id='word_1_126' title='bbox 182 1555 363 1619; x_wconf 79' lang='lat' dir='ltr'>Hellespontum,</span> <span class='ocrx_word' id='word_1_127' title='bbox 375 1558 419 1619; x_wconf 73' lang='lat' dir='ltr'>qui</span> <span class='ocrx_word' id='word_1_128' title='bbox 435 1560 483 1621; x_wconf 89' lang='lat' dir='ltr'>ripa</span> <span class='ocrx_word' id='word_1_129' title='bbox 497 1568 532 1607; x_wconf 87' lang='lat' dir='ltr'>eat</span> <span class='ocrx_word' id='word_1_130' title='bbox 545 1562 598 1607; x_wconf 91' lang='lat' dir='ltr'>dicti</span> <span class='ocrx_word' id='word_1_131' title='bbox 615 1563 694 1616; x_wconf 88' lang='lat' dir='ltr'>amnis,</span> <span class='ocrx_word' id='word_1_132' title='bbox 712 1560 757 1622; x_wconf 77' lang='lat' dir='ltr'>qui</span> 
     </span>
     <span class='ocr_line' id='line_1_21' title="bbox 82 1620 755 1688; baseline 0.009 -21"><span class='ocrx_word' id='word_1_133' title='bbox 82 1620 168 1667; x_wconf 86' lang='lat' dir='ltr'>flexum</span> <span class='ocrx_word' id='word_1_134' title='bbox 185 1622 270 1682; x_wconf 87' lang='lat' dir='ltr'>paludis</span> <span class='ocrx_word' id='word_1_135' title='bbox 288 1623 317 1668; x_wconf 85' lang='lat' dir='ltr'>ad</span> <span class='ocrx_word' id='word_1_136' title='bbox 336 1621 436 1669; x_wconf 88' lang='lat' dir='ltr'>Pontum</span> <span class='ocrx_word' id='word_1_137' title='bbox 454 1625 542 1686; x_wconf 82' lang='lat' dir='ltr'>redigit,</span> <span class='ocrx_word' id='word_1_138' title='bbox 560 1625 605 1686; x_wconf 76' lang='lat' dir='ltr'>qui</span> <span class='ocrx_word' id='word_1_139' title='bbox 623 1625 755 1688; x_wconf 71' lang='lat' dir='ltr'>Propontida*</span> 
     </span>
     <span class='ocr_line' id='line_1_22' title="bbox 81 1686 756 1749; baseline 0.006 -16"><span class='ocrx_word' id='word_1_140' title='bbox 81 1693 106 1733; x_wconf 89' lang='lat' dir='ltr'>et</span> <span class='ocrx_word' id='word_1_141' title='bbox 115 1686 266 1747; x_wconf 88' lang='lat' dir='ltr'>Hellesponto</span> <span class='ocrx_word' id='word_1_142' title='bbox 276 1687 346 1734; x_wconf 87' lang='lat' dir='ltr'>latere</span> <span class='ocrx_word' id='word_1_143' title='bbox 356 1688 447 1749; x_wconf 87' lang='lat' dir='ltr'>adjacet,</span> <span class='ocrx_word' id='word_1_144' title='bbox 457 1690 574 1736; x_wconf 80' lang='lat' dir='ltr'>contrariis</span> <span class='ocrx_word' id='word_1_145' title='bbox 581 1691 683 1738; x_wconf 84' lang='lat' dir='ltr'>litoribus</span> <span class='ocrx_word' id='word_1_146' title='bbox 691 1692 756 1737; x_wconf 82' lang='lat' dir='ltr'>Asiae</span> 
     </span>
     <span class='ocr_line' id='line_1_23' title="bbox 82 1751 755 1811; baseline 0.009 -15"><span class='ocrx_word' id='word_1_147' title='bbox 82 1765 129 1797; x_wconf 89' lang='lat' dir='ltr'>non</span> <span class='ocrx_word' id='word_1_148' title='bbox 147 1751 249 1811; x_wconf 91' lang='lat' dir='ltr'>opposita</span> <span class='ocrx_word' id='word_1_149' title='bbox 264 1752 339 1805; x_wconf 91' lang='lat' dir='ltr'>modo,</span> <span class='ocrx_word' id='word_1_150' title='bbox 357 1768 435 1799; x_wconf 89' lang='lat' dir='ltr'>vemm</span> <span class='ocrx_word' id='word_1_151' title='bbox 453 1755 521 1800; x_wconf 86' lang='lat' dir='ltr'>etiam</span> <span class='ocrx_word' id='word_1_152' title='bbox 536 1756 614 1801; x_wconf 87' lang='lat' dir='ltr'>similis</span> <span class='ocrx_word' id='word_1_153' title='bbox 630 1763 672 1802; x_wconf 87' lang='lat' dir='ltr'>est.</span> <span class='ocrx_word' id='word_1_154' title='bbox 698 1754 755 1802; x_wconf 87' lang='lat' dir='ltr'>lnde</span> 
     </span>
     <span class='ocr_line' id='line_1_24' title="bbox 81 1814 753 1882; baseline 0.006 -20"><span class='ocrx_word' id='word_1_155' title='bbox 81 1816 110 1862; x_wconf 92' lang='lat' dir='ltr'>ad</span> <span class='ocrx_word' id='word_1_156' title='bbox 130 1814 232 1869; x_wconf 86' lang='lat' dir='ltr'>Fretum,</span> <span class='ocrx_word' id='word_1_157' title='bbox 253 1830 314 1862; x_wconf 91' lang='lat' dir='ltr'>nunc</span> <span class='ocrx_word' id='word_1_158' title='bbox 331 1826 396 1863; x_wconf 82' lang='lat' dir='ltr'>vaste</span> <span class='ocrx_word' id='word_1_159' title='bbox 416 1827 519 1872; x_wconf 84' lang='lat' dir='ltr'>retracta,</span> <span class='ocrx_word' id='word_1_160' title='bbox 539 1834 599 1866; x_wconf 90' lang='lat' dir='ltr'>nunc</span> <span class='ocrx_word' id='word_1_161' title='bbox 616 1821 753 1882; x_wconf 85' lang='lat' dir='ltr'>prominens,</span> 
     </span>
     <span class='ocr_line' id='line_1_25' title="bbox 81 1881 756 1945; baseline 0.009 -19"><span class='ocrx_word' id='word_1_162' title='bbox 81 1888 128 1927; x_wconf 87' lang='lat' dir='ltr'>tres</span> <span class='ocrx_word' id='word_1_163' title='bbox 145 1881 255 1926; x_wconf 87' lang='lat' dir='ltr'>maximos</span> <span class='ocrx_word' id='word_1_164' title='bbox 271 1881 333 1927; x_wconf 89' lang='lat' dir='ltr'>sinus</span> <span class='ocrx_word' id='word_1_165' title='bbox 349 1883 432 1940; x_wconf 87' lang='lat' dir='ltr'>efficit;</span> <span class='ocrx_word' id='word_1_166' title='bbox 452 1885 590 1945; x_wconf 88' lang='lat' dir='ltr'>totidemque</span> <span class='ocrx_word' id='word_1_167' title='bbox 605 1885 628 1930; x_wconf 91' lang='lat' dir='ltr'>in</span> <span class='ocrx_word' id='word_1_168' title='bbox 643 1886 713 1931; x_wconf 89' lang='lat' dir='ltr'>altum</span> <span class='ocrx_word' id='word_1_169' title='bbox 731 1900 756 1932; x_wconf 83' lang='lat' dir='ltr'>se</span> 
     </span>
     <span class='ocr_line' id='line_1_26' title="bbox 82 1944 755 2007; baseline 0.009 -16"><span class='ocrx_word' id='word_1_170' title='bbox 82 1946 171 2007; x_wconf 85' lang='lat' dir='ltr'>magnis</span> <span class='ocrx_word' id='word_1_171' title='bbox 188 1944 298 1991; x_wconf 76' lang='lat' dir='ltr'>frontibus</span> <span class='ocrx_word' id='word_1_172' title='bbox 317 1948 398 1993; x_wconf 80' lang='lat' dir='ltr'>evehit.</span> <span class='ocrx_word' id='word_1_173' title='bbox 427 1948 501 1995; x_wconf 85' lang='lat' dir='ltr'>Extra</span> <span class='ocrx_word' id='word_1_174' title='bbox 518 1948 620 2001; x_wconf 87' lang='lat' dir='ltr'>Fretum,</span> <span class='ocrx_word' id='word_1_175' title='bbox 638 1950 667 1997; x_wconf 88' lang='lat' dir='ltr'>ad</span> <span class='ocrx_word' id='word_1_176' title='bbox 686 1950 755 1997; x_wconf 82' lang='lat' dir='ltr'>Occi·</span> 
     </span>
     <span class='ocr_line' id='line_1_27' title="bbox 82 2009 755 2078; baseline 0.007 -21"><span class='ocrx_word' id='word_1_177' title='bbox 82 2010 179 2062; x_wconf 88' lang='lat' dir='ltr'>dentem,</span> <span class='ocrx_word' id='word_1_178' title='bbox 200 2009 315 2070; x_wconf 83' lang='lat' dir='ltr'>inaequalis</span> <span class='ocrx_word' id='word_1_179' title='bbox 331 2011 458 2066; x_wconf 87' lang='lat' dir='ltr'>admodum,</span> <span class='ocrx_word' id='word_1_180' title='bbox 476 2013 587 2076; x_wconf 78' lang='lat' dir='ltr'>praecipue</span> <span class='ocrx_word' id='word_1_181' title='bbox 605 2016 683 2069; x_wconf 88' lang='lat' dir='ltr'>media,</span> <span class='ocrx_word' id='word_1_182' title='bbox 701 2032 755 2078; x_wconf 91' lang='lat' dir='ltr'>pro-</span> 
     </span>
     <span class='ocr_line' id='line_1_28' title="bbox 82 2074 755 2141; baseline 0.009 -20"><span class='ocrx_word' id='word_1_183' title='bbox 82 2074 151 2121; x_wconf 87' lang='lat' dir='ltr'>currit</span> <span class='ocrx_word' id='word_1_184' title='bbox 170 2074 198 2120; x_wconf 89' lang='lat' dir='ltr'>ad</span> <span class='ocrx_word' id='word_1_185' title='bbox 211 2075 405 2136; x_wconf 78' lang='lat' dir='ltr'>septemtrionem,</span> <span class='ocrx_word' id='word_1_186' title='bbox 426 2077 469 2123; x_wconf 91' lang='lat' dir='ltr'>nisi</span> <span class='ocrx_word' id='word_1_187' title='bbox 487 2079 523 2124; x_wconf 89' lang='lat' dir='ltr'>ubi</span> <span class='ocrx_word' id='word_1_188' title='bbox 542 2081 611 2125; x_wconf 88' lang='lat' dir='ltr'>semel</span> <span class='ocrx_word' id='word_1_189' title='bbox 628 2083 755 2141; x_wconf 87' lang='lat' dir='ltr'>iterumque</span> 
     </span>
    </p>
   </div>
   <div class='ocr_carea' id='block_1_6' title="bbox 82 2139 852 2206">
    <p class='ocr_par' dir='ltr' id='par_1_6' title="bbox 82 2139 852 2206">
     <span class='ocr_line' id='line_1_29' title="bbox 82 2139 852 2206; baseline 0.008 -20"><span class='ocrx_word' id='word_1_190' title='bbox 82 2139 162 2201; x_wconf 85' lang='lat' dir='ltr'>grandi</span> <span class='ocrx_word' id='word_1_191' title='bbox 173 2154 261 2185; x_wconf 85' lang='lat' dir='ltr'>recessu</span> <span class='ocrx_word' id='word_1_192' title='bbox 273 2140 395 2195; x_wconf 89' lang='lat' dir='ltr'>abducitur,</span> <span class='ocrx_word' id='word_1_193' title='bbox 408 2158 474 2203; x_wconf 87' lang='lat' dir='ltr'>paene</span> <span class='ocrx_word' id='word_1_194' title='bbox 488 2150 513 2190; x_wconf 89' lang='lat' dir='ltr'>ut</span> <span class='ocrx_word' id='word_1_195' title='bbox 528 2145 612 2191; x_wconf 90' lang='lat' dir='ltr'>directo</span> <span class='ocrx_word' id='word_1_196' title='bbox 627 2146 698 2193; x_wconf 89' lang='lat' dir='ltr'>limite</span> <span class='ocrx_word' id='word_1_197' title='bbox 713 2160 755 2191; x_wconf 88' lang='lat' dir='ltr'>ex·</span> <span class='ocrx_word' id='word_1_198' title='bbox 850 2197 852 2206; x_wconf 41' lang='grc' dir='ltr'>Ι</span> 
     </span>
    </p>
   </div>
   <div class='ocr_carea' id='block_1_7' title="bbox 75 2204 754 2768">
    <p class='ocr_par' dir='ltr' id='par_1_7' title="bbox 75 2204 754 2768">
     <span class='ocr_line' id='line_1_30' title="bbox 82 2204 753 2271; baseline 0.007 -20"><span class='ocrx_word' id='word_1_199' title='bbox 82 2210 144 2251; x_wconf 84' lang='lat' dir='ltr'>tenta</span> <span class='ocrx_word' id='word_1_200' title='bbox 156 2211 198 2250; x_wconf 74' lang='lat' dir='ltr'>esu</span> <span class='ocrx_word' id='word_1_201' title='bbox 223 2204 297 2258; x_wconf 89' lang='lat' dir='ltr'>Mare,</span> <span class='ocrx_word' id='word_1_202' title='bbox 309 2207 369 2266; x_wconf 92' lang='lat' dir='ltr'>quod</span> <span class='ocrx_word' id='word_1_203' title='bbox 385 2207 458 2267; x_wconf 91' lang='lat' dir='ltr'>primo</span> <span class='ocrx_word' id='word_1_204' title='bbox 474 2208 525 2255; x_wconf 85' lang='lat' dir='ltr'>sinu</span> <span class='ocrx_word' id='word_1_205' title='bbox 540 2210 626 2271; x_wconf 88' lang='lat' dir='ltr'>accipit,</span> <span class='ocrx_word' id='word_1_206' title='bbox 643 2210 753 2271; x_wconf 84' lang='lat' dir='ltr'>AEgaeum</span> 
     </span>
     <span class='ocr_line' id='line_1_31' title="bbox 82 2269 751 2332; baseline 0.007 -18"><span class='ocrx_word' id='word_1_207' title='bbox 82 2269 175 2315; x_wconf 85' lang='lat' dir='ltr'>dicitur:</span> <span class='ocrx_word' id='word_1_208' title='bbox 192 2270 252 2329; x_wconf 89' lang='lat' dir='ltr'>quod</span> <span class='ocrx_word' id='word_1_209' title='bbox 263 2271 372 2329; x_wconf 89' lang='lat' dir='ltr'>sequenti,</span> <span class='ocrx_word' id='word_1_210' title='bbox 385 2272 408 2316; x_wconf 93' lang='lat' dir='ltr'>in</span> <span class='ocrx_word' id='word_1_211' title='bbox 421 2288 465 2325; x_wconf 86' lang='lat' dir='ltr'>ore,</span> <span class='ocrx_word' id='word_1_212' title='bbox 480 2272 569 2319; x_wconf 92' lang='lat' dir='ltr'>Ionium</span> <span class='ocrx_word' id='word_1_213' title='bbox 577 2292 584 2332; x_wconf 90' lang='lat'>;</span> <span class='ocrx_word' id='word_1_214' title='bbox 603 2275 751 2328; x_wconf 84' lang='lat' dir='ltr'>Adriaticum,</span> 
     </span>
     <span class='ocr_line' id='line_1_32' title="bbox 77 2334 752 2399; baseline 0.004 -20"><span class='ocrx_word' id='word_1_215' title='bbox 77 2334 184 2379; x_wconf 85' lang='lat' dir='ltr'>interius:</span> <span class='ocrx_word' id='word_1_216' title='bbox 199 2334 259 2394; x_wconf 91' lang='lat' dir='ltr'>quod</span> <span class='ocrx_word' id='word_1_217' title='bbox 268 2336 353 2389; x_wconf 91' lang='lat' dir='ltr'>ultimo,</span> <span class='ocrx_word' id='word_1_218' title='bbox 364 2351 406 2381; x_wconf 85' lang='lat' dir='ltr'>nos</span> <span class='ocrx_word' id='word_1_219' title='bbox 414 2335 524 2390; x_wconf 90' lang='lat' dir='ltr'>Tuscum,</span> <span class='ocrx_word' id='word_1_220' title='bbox 535 2339 599 2385; x_wconf 87' lang='lat' dir='ltr'>Graii</span> <span class='ocrx_word' id='word_1_221' title='bbox 608 2338 752 2399; x_wconf 82' lang='lat' dir='ltr'>Tyrrhenum</span> 
     </span>
     <span class='ocr_line' id='line_1_33' title="bbox 80 2399 753 2463; baseline 0.003 -19"><span class='ocrx_word' id='word_1_222' title='bbox 80 2399 203 2460; x_wconf 86' lang='lat' dir='ltr'>perbibent.</span> <span class='ocrx_word' id='word_1_223' title='bbox 231 2399 340 2445; x_wconf 91' lang='lat' dir='ltr'>Gentium</span> <span class='ocrx_word' id='word_1_224' title='bbox 361 2402 432 2461; x_wconf 86' lang='lat' dir='ltr'>prima</span> <span class='ocrx_word' id='word_1_225' title='bbox 450 2409 486 2447; x_wconf 82' lang='lat' dir='ltr'>est</span> <span class='ocrx_word' id='word_1_226' title='bbox 506 2404 604 2463; x_wconf 86' lang='lat' dir='ltr'>Scythia,</span> <span class='ocrx_word' id='word_1_227' title='bbox 624 2404 667 2448; x_wconf 89' lang='lat' dir='ltr'>alia</span> <span class='ocrx_word' id='word_1_228' title='bbox 686 2417 753 2462; x_wconf 88' lang='lat' dir='ltr'>quarn</span> 
     </span>
     <span class='ocr_line' id='line_1_34' title="bbox 81 2463 752 2522; baseline 0.003 -13"><span class='ocrx_word' id='word_1_229' title='bbox 81 2464 140 2517; x_wconf 82' lang='lat' dir='ltr'>dicta</span> <span class='ocrx_word' id='word_1_230' title='bbox 158 2471 200 2516; x_wconf 84' lang='lat' dir='ltr'>est,</span> <span class='ocrx_word' id='word_1_231' title='bbox 219 2478 232 2509; x_wconf 88' lang='lat' dir='ltr'>a</span> <span class='ocrx_word' id='word_1_232' title='bbox 248 2463 321 2509; x_wconf 85' lang='lat' dir='ltr'>Tanai</span> <span class='ocrx_word' id='word_1_233' title='bbox 341 2466 363 2509; x_wconf 91' lang='lat' dir='ltr'>in</span> <span class='ocrx_word' id='word_1_234' title='bbox 381 2466 453 2511; x_wconf 87' lang='lat' dir='ltr'>media</span> <span class='ocrx_word' id='word_1_235' title='bbox 469 2466 540 2512; x_wconf 78' lang='lat' dir='ltr'>ferme</span> <span class='ocrx_word' id='word_1_236' title='bbox 556 2466 646 2511; x_wconf 89' lang='lat' dir='ltr'>Pontici</span> <span class='ocrx_word' id='word_1_237' title='bbox 662 2466 752 2522; x_wconf 87' lang='lat' dir='ltr'>lateris;</span> 
     </span>
     <span class='ocr_line' id='line_1_35' title="bbox 81 2528 753 2590; baseline 0.004 -16"><span class='ocrx_word' id='word_1_238' title='bbox 81 2528 132 2574; x_wconf 87' lang='lat' dir='ltr'>hinc</span> <span class='ocrx_word' id='word_1_239' title='bbox 143 2528 166 2573; x_wconf 92' lang='lat' dir='ltr'>in</span> <span class='ocrx_word' id='word_1_240' title='bbox 178 2528 257 2589; x_wconf 80' lang='lat' dir='ltr'>AEgaei</span> <span class='ocrx_word' id='word_1_241' title='bbox 268 2536 353 2590; x_wconf 87' lang='lat' dir='ltr'>partem</span> <span class='ocrx_word' id='word_1_242' title='bbox 368 2531 482 2590; x_wconf 89' lang='lat' dir='ltr'>pertinens</span> <span class='ocrx_word' id='word_1_243' title='bbox 497 2530 594 2577; x_wconf 76' lang='lat' dir='ltr'>Thracia</span> <span class='ocrx_word' id='word_1_244' title='bbox 609 2528 753 2577; x_wconf 80' lang='lat' dir='ltr'>Macedoniae</span> 
     </span>
     <span class='ocr_line' id='line_1_36' title="bbox 75 2592 754 2656; baseline 0.001 -17"><span class='ocrx_word' id='word_1_245' title='bbox 75 2593 216 2656; x_wconf 74' lang='lat' dir='ltr'>adjungitur.</span> <span class='ocrx_word' id='word_1_246' title='bbox 241 2592 301 2639; x_wconf 89' lang='lat' dir='ltr'>Tum</span> <span class='ocrx_word' id='word_1_247' title='bbox 319 2595 410 2641; x_wconf 85' lang='lat' dir='ltr'>Graecia</span> <span class='ocrx_word' id='word_1_248' title='bbox 422 2596 543 2655; x_wconf 87' lang='lat' dir='ltr'>prominet,</span> <span class='ocrx_word' id='word_1_249' title='bbox 560 2594 714 2655; x_wconf 83' lang='lat' dir='ltr'>AEgaeumque</span> <span class='ocrx_word' id='word_1_250' title='bbox 726 2596 754 2641; x_wconf 90' lang='lat' dir='ltr'>ab</span> 
     </span>
     <span class='ocr_line' id='line_1_37' title="bbox 83 2656 752 2721; baseline 0.001 -17"><span class='ocrx_word' id='word_1_251' title='bbox 83 2656 148 2704; x_wconf 90' lang='lat' dir='ltr'>lonio</span> <span class='ocrx_word' id='word_1_252' title='bbox 165 2658 221 2703; x_wconf 91' lang='lat' dir='ltr'>mari</span> <span class='ocrx_word' id='word_1_253' title='bbox 239 2658 328 2704; x_wconf 86' lang='lat' dir='ltr'>dirimit.</span> <span class='ocrx_word' id='word_1_254' title='bbox 356 2659 466 2705; x_wconf 82' lang='lat' dir='ltr'>Adriatici</span> <span class='ocrx_word' id='word_1_255' title='bbox 482 2660 540 2705; x_wconf 83' lang='lat' dir='ltr'>latus</span> <span class='ocrx_word' id='word_1_256' title='bbox 557 2656 633 2718; x_wconf 81' lang='lat' dir='ltr'>Illyris</span> <span class='ocrx_word' id='word_1_257' title='bbox 650 2668 752 2721; x_wconf 86' lang='lat' dir='ltr'>occupat.</span> 
     </span>
     <span class='ocr_line' id='line_1_38' title="bbox 539 2738 560 2768; baseline -0.048 0"><span class='ocrx_word' id='word_1_258' title='bbox 539 2738 560 2768; x_wconf 76' lang='lat' dir='ltr'>rr</span> 
     </span>
    </p>
   </div>
   <div class='ocr_carea' id='block_1_8' title="bbox 0 0 934 2917">
    <p class='ocr_par' dir='ltr' id='par_1_8' title="bbox 0 0 934 2917">
     <span class='ocr_line' id='line_1_39' title="bbox 0 0 934 2917; baseline 0 2"><span class='ocrx_word' id='word_1_259' title='bbox 0 0 934 2917; x_wconf 95' lang='lat' dir='ltr'> </span> 
     </span>
    </p>
   </div>
  </div>
 </body>
</html>
