1859 2917
159 106 190 151 n
358 102 404 153 1v.
419 68 620 155 nuncnunc

158 229 238 279 contus
252 238 300 281 ent
313 230 423 297 fugans),
440 243 465 283 ut
480 250 568 283 summe
579 231 665 296 imperii
676 230 782 281 maritimi
792 232 821 279 eb

158 290 533 347 Incedaemoniistranrferreturnd
541 300 703 347 Athenienses:
717 312 822 357 numque,

157 366 209 407 ante
220 362 242 409 id
253 370 347 425 ternpus,
360 370 383 411 et
393 365 449 411 mari
459 374 484 412 et
493 363 551 411 terri
561 364 629 411 duces
638 370 702 410 eram
714 361 823 409 Lsoedae·

156 427 239 472 monii:
253 434 301 473 tum
312 435 386 475 autem
397 436 420 475 et
431 428 598 491 intenperantii
606 427 730 485 Pausaniae,
743 428 825 488 8th

156 488 205 536 titii
226 490 308 537 saecun
330 498 365 538 est
383 493 497 548 Aristidis,
516 501 542 540 ut
559 508 638 540 omnes
655 491 702 539 fere
720 491 824 537 civitates

157 554 255 601 Graeciae
270 556 299 603 sd
313 558 485 605 Atheniensium
500 558 628 606 societatem
644 572 668 604 se
678 556 824 618 applicarent,

157 626 188 672 ct,
203 620 308 667 adversus
323 622 433 677 hunnos,
449 623 491 669 hos
502 623 569 669 duces
580 622 703 684 ddigerent
713 620 761 673 sibi,
773 634 824 679 <11¹⁰

156 681 242 731 facilius
259 685 397 747 repellerent,
417 688 436 733 si
453 686 512 734 forte
529 686 611 734 bellum
629 700 738 733 renovare
753 698 826 730 conn-

156 756 240 795 rcntur.
882 758 899 770 “

189 810 238 859 IIL
257 814 387 863 Adclssses
398 814 544 869 aedtfimndn,
561 815 715 875 exercitusque
729 828 826 875 compn-

157 877 244 931 rnndos,
261 887 368 938 quantum
382 881 483 942 pecuniae
493 895 587 941 quicque
597 880 675 926 civitas
683 879 752 932 daret,
766 877 825 923 Ari·

156 942 225 989 stides
241 942 340 991 deiectus
357 952 399 999 est,
419 945 457 1005 qui
473 945 624 991 constitueres
653 943 715 1005 Ejus
729 942 824 989 arbitrio

155 1007 307 1070 quadringena
325 1015 348 1055 et
366 1024 479 1069 sexagena
496 1009 580 1055 tuicntc
597 1008 714 1068 quotannis
733 1006 823 1053 Delum

156 1078 210 1118 sunt
223 1072 303 1118 ccllsts
319 1073 353 1135 (id
369 1073 560 1134 enim‘commune
569 1074 671 1119 serarium
681 1087 732 1119 esse
741 1072 823 1118 volue-

156 1133 219 1195 runt)
229 1154 234 1181 ι
253 1150 305 1195 quae
320 1138 393 1183 omnis
403 1137 498 1198 pecuffic
507 1144 596 1197 postero
607 1144 707 1197 tempore
717 1136 823 1183 Athenas

156 1200 263 1247 translata
272 1208 314 1247 est.
325 1238 330 1243 .
350 1199 397 1247 liic
408 1199 451 1261 qut
461 1200 528 1247 suerit
537 1199 677 1254 abstinentiis,
689 1202 774 1247 nullum
786 1206 823 1247 est

157 1264 238 1312 certius
249 1264 361 1317 indicium,
379 1280 444 1325 quam
461 1265 528 1325 quod,
546 1280 597 1312 cum
607 1265 675 1311 tantis
686 1266 750 1311 rebus
760 1279 823 1325 prse-

154 1326 241 1383 iuinet,
258 1329 282 1373 in
298 1326 360 1375 unct
375 1336 504 1391 paupertate
521 1329 623 1384 imnis,
643 1337 675 1382 ut,
695 1327 734 1390 qut
752 1327 819 1375 effer-

154 1399 223 1446 retur,
240 1392 280 1438 vix
296 1392 414 1453 reliquerit.
450 1392 504 1446 Quo
519 1393 603 1441 facturn
619 1402 660 1449 est,
673 1393 760 1440 utfiiiae
770 1395 820 1455 ejus

153 1457 241 1519 publice
255 1456 372 1512 alerentur,
388 1465 418 1512 et,
431 1456 458 1505 de
468 1459 581 1505 communi
592 1459 670 1505 aersrio
681 1458 768 1505 dotibus
779 1458 822 1503 dc-

154 1521 191 1575 tis,
209 1520 376 1569 collocarentur.
407 1521 514 1569 Decessit
527 1530 602 1569 nutem
615 1522 663 1569 fere
672 1530 725 1584 post
734 1536 820 1569 sunum

154 1593 258 1647 quartum
268 1601 335 1647 quam
345 1584 510 1635 Themistocles
520 1587 617 1636 Athenis
627 1594 675 1634 erut
685 1587 798 1650 expulsus.

309 1862 368 1931 IV.
391 1862 667 1928 PAUSANIAS.

189 2026 209 2074 1.
224 2027 373 2083 Pnusnnrns,
386 2028 579 2085 Lacedaemonius,
588 2032 768 2093 magnushomo,
781 2030 823 2077 sed

155 2094 230 2139 verius
244 2094 342 2141 inomni
358 2109 441 2155 genere
452 2096 505 2143 vitae
520 2096 576 2142 fuit:
596 2111 655 2149 num,
667 2104 693 2141 ut
702 2095 823 2141 virtutibus

90 2183 93 2192 =
154 2157 233 2211 eluant,
250 2158 281 2205 sic
297 2158 356 2205 vitiis
372 2167 406 2206 est
423 2160 522 2207 obrutus.
557 2159 635 2223 Hujus
649 2160 822 2208 illustrissimum

154 2228 190 2269 est
200 2222 304 2283 prtnlium
315 2222 373 2285 apud
385 2223 495 2275 Plataess:
514 2240 617 2284 numque,
629 2224 668 2271 illc
679 2226 743 2277 duce,
755 2223 822 2269 Mar-

154 2285 242 2340 donius,
259 2294 357 2349 satrapes
372 2290 454 2351 regius,
467 2289 557 2336 natione
568 2288 659 2342 Medus,
672 2290 731 2350 regis
741 2303 820 2350 gener,

65 2348 67 2359 ’
152 2350 177 2395 ἰη
192 2352 269 2413 primis
286 2353 386 2399 omnium
398 2352 517 2401 Persarum
534 2360 557 2399 et
571 2369 639 2401 manu
653 2352 717 2399 fortis
730 2360 754 2399 et
766 2367 822 2397 con-

153 2414 197 2460 silit
208 2416 295 2477 plenus,
307 2432 359 2465 cum
370 2416 471 2466 ducentis
482 2418 579 2464 millibus
586 2417 692 2479 peditum,
700 2432 756 2478 quos
767 2417 821 2461 viri·

153 2478 194 2525 tim
210 2479 303 2541 legerat,
321 2490 344 2527 et
357 2481 438 2543 viginti
454 2478 574 2545 [millibus]
591 2482 697 2541 equitum,
715 2480 773 2526 haud
789 2480 821 2527 ita

153 2540 236 2603 magni
246 2560 314 2591 manu
327 2542 417 2593 Graecii
426 2544 518 2607 fugatus
528 2554 577 2603 est3
594 2560 666 2605 eoque
674 2546 721 2608 ipse
726 2545 773 2589 dux
781 2559 819 2589 ce-

151 2604 208 2652 cidit
219 2609 306 2670 proelio.
341 2606 395 2664 Qui
410 2607 504 2657 victorii
519 2610 597 2663 elutus,
615 2610 710 2671 plurima
724 2608 818 2656 miscere
