1859 2917
185 109 333 193 Dusrru
348 111 458 173 omns,
469 113 523 163 Lu.
536 113 586 163 111.
605 112 667 165 Car.
683 117 721 161 10.
755 117 788 163 69

111 232 209 294 similer.
221 238 261 287 aed
268 239 366 292 minoren
376 240 499 304 incultique
513 248 574 297 aunt,
586 246 610 289 et
624 241 717 291 nornine
730 240 786 285 ‘Er-

114 315 204 381 rnprm.
222 302 251 349 ln
259 304 339 351 horum
350 305 429 353 finibua
436 306 489 353 fona
499 314 540 361 eat,
552 321 620 367 quern
627 306 676 353 Nili
684 320 734 352 eaac
744 304 785 351 ali-
826 359 828 362 ¹

111 379 163 424 ,qua
174 367 277 416 credibile
287 378 329 418 est.
347 370 441 418 Nucbul
449 372 562 418 abincolia
570 371 667 428 dicitur;
683 378 706 417 et
714 368 784 417 videri

114 438 194 492 potest
207 448 253 479 non
268 434 311 481 alio
328 436 418 482 nomine
431 436 543 498 appellari,
558 436 597 482 red
609 450 623 482 a
637 436 729 482 barbaro
744 448 784 480 ore

115 504 244 557 corruptus.
262 498 312 545 Alit
321 515 437 576 papyrum,
450 509 474 547 et
483 501 569 546 minora
577 500 673 560 quidun,
683 499 783 561 ejusdem

117 564 195 607 tamen
209 564 306 625 generis,
319 564 429 611 animalia.
448 565 508 611 Aliia
520 565 622 611 arnnibua
632 565 656 610 in
667 564 784 611 Oceanum

115 627 345 745 ggipipbuptpclus
355 629 378 674 in
389 630 614 747 mefflaffmssnem
629 628 784 739 ettaldlffngnl:

230 708 237 749 3
296 708 393 753 quonam
404 708 459 740 exea
488 708 538 740 rnce
559 709 598 740 urn
609 709 634 739 ea
713 709 726 739 e

116 752 204 815 ligitur,
222 755 301 803 Nilum
316 758 359 803 hoc
374 757 437 804 fonte
453 766 595 819 conceptum,
611 766 730 817 actumque
744 756 785 803 uli-

118 819 225 879 quamdiu
235 836 275 882 per
285 822 351 874 invia,
364 829 387 869 et
398 822 447 869 ideo
458 822 569 885 ignotum,
581 822 662 868 iterum
670 837 702 875 re,
711 821 747 867 ubi
755 821 784 867 ad

118 882 172 929 an
182 886 260 945 possit,
272 887 402 933 ostendere:
421 894 528 933 eaeterum
543 888 621 949 spatio,
631 902 677 947 quo
691 886 785 933 abscon-

119 946 188 1001 ditur,
209 948 274 1004 effici,
287 956 312 997 ut
326 951 362 997 hic
378 951 421 998 aiio
432 952 517 1006 cedere,
533 952 570 998 ille
584 950 672 997 aliunde
687 950 789 998 videatur

118 1026 249 1075 exsurgere.
285 1012 426 1077 Catoblepas,
449 1031 496 1062 non
516 1016 608 1079 grandia
628 1014 683 1066 fera,
704 1029 784 1061 verum

115 1076 206 1139 ¹grande
213 1086 236 1124 et
246 1094 362 1141 proegrave
370 1087 435 1141 caput
446 1096 508 1142 aegre
518 1080 637 1132 suatinena,
647 1086 714 1139 atque
724 1080 754 1125 ob
763 1079 787 1125 id

117 1140 143 1187 in
155 1148 237 1189 terram
247 1144 367 1203 plurimum
376 1161 415 1191 ore
422 1160 538 1199 conversa,
547 1144 605 1206 apud
615 1145 658 1189 hoa
667 1144 784 1205 gignitur3

119 1206 207 1252 obvim
219 1207 353 1269 aingtdarem
364 1210 437 1271 megin
447 1210 514 1256 etiam
526 1208 647 1261 referende
657 1208 724 1267 quod,
734 1222 786 1253 cum

117 1269 333 1383 ittttdztt?
344 1272 787 1387 ”dittffitttitdtli

117 1398 198 1461 gader,
211 1400 290 1447 domun
302 1402 339 1465 (ut
347 1400 420 1463 aiunt)
432 1403 550 1465 aliquando
562 1404 705 1465 Gorgonum.
724 1398 785 1463 Ipare

118 1471 188 1576 ff
204 1467 366 1526 promuntorio,
382 1466 419 1517 cui
432 1467 539 1533 Ἕσπερον
557 1474 627 1531 Κιρας
643 1480 726 1515 nomen
743 1472 785 1521 αἱ,

155 1528 238 1577 untur.

166 1782 228 1835 Cu.
238 1782 272 1833 X.
279 1782 465 1834 -Atlantr‘eum
476 1784 554 1841 Mare,
567 1793 590 1833 et
600 1784 657 1833 nuic
666 1785 744 1833 adsita

238 1850 370 1913 AEtlrt'cpiae
380 1866 409 1899 uc
423 1851 585 1901 Mauritania
594 1852 665 1899 Pera.

155 1974 214 2025 Inde
220 1976 298 2041 incipit
305 1976 369 2041 frona
376 1978 421 2035 ille,
429 1994 488 2043 quae,
497 1980 522 2026 in
528 1978 674 2028 Occidentan
682 1993 786 2042 vergente,

121 2042 180 2089 mari
191 2042 307 2091 Atlantico
318 2044 414 2091 alluitur.
430 2044 509 2092 Prima
518 2047 567 2107 ejus
574 2036 695 2107 AEthiopea
702 2050 788 2099 tenent,

122 2106 197 2153 medic
208 2108 279 2165 nulli3
295 2123 347 2155 narn
359 2116 397 2155 aut
407 2117 488 2155 exusta
494 2117 552 2163 runt,
563 2118 602 2156 aut
608 2110 681 2156 arenia
687 2110 790 2162 obducta,

117 2171 252 2237 *autinresn
259 2174 404 2235 serpentibus.
423 2172 606 2221 Exustiainsulae
614 2174 721 2237 appositae
728 2179 788 2227 aunt,

123 2250 180 2296 quas
192 2234 329 2299 Hesperidas
339 2238 438 2285 tenuisse
447 2248 591 2287 memoratur.
608 2237 636 2284 In
644 2239 716 2285 arenis
724 2252 790 2283 mona

123 2306 159 2347 est
173 2300 245 2355 Atlas,
264 2302 332 2349 dense
347 2317 493 2365 consurgene,
510 2319 588 2350 verum
604 2303 680 2349 incisis
692 2302 791 2361 undique

125 2364 217 2425 rupibus
227 2381 335 2429 praeceps,
344 2367 425 2422 invius,
435 2374 465 2421 et,
475 2383 520 2429 quo
528 2368 601 2429 magia
608 2368 686 2429 surgit,
696 2366 790 2423 exilior3

124 2429 171 2490 qui,
184 2430 244 2491 quod
253 2431 319 2478 altius
329 2446 396 2491 quarn
407 2432 506 2494 conspici
515 2438 597 2494 potest,
606 2447 676 2491 unque
686 2432 709 2475 in
718 2429 794 2476 nubila

126 2494 228 2555 erigitur,
240 2495 323 2543 coelum
334 2502 357 2541 et
368 2496 440 2543 sidere
451 2512 497 2543 uon
512 2503 606 2558 tangere
619 2496 687 2541 modo
702 2493 794 2548 vertice,

125 2558 167 2605 aed
178 2559 287 2607 sustinere
297 2575 392 2621 quoque,
404 2561 477 2607 dictus
488 2566 530 2608 eat.
563 2558 651 2609 Contra
661 2558 793 2605 Fortunatae

126 2622 208 2673 inculte
218 2624 331 2673 ubundwt
342 2622 383 2673 sud
397 2633 478 2689 sponte
491 2624 589 2691 genida5
603 2630 634 2681 et,
644 2621 736 2671 aubinde
744 2620 796 2669 aliia
