1859 2917
222 154 224 162 ⁴
264 132 366 189 xxm
385 134 579 191 HANNIBAL
622 149 637 162 ·’
728 137 759 183 θὶ

86 262 320 327 sidiaoemepisset,
335 280 387 327 quze
402 266 424 313 in
441 264 761 329 proximolitoreeranteol-

85 327 171 377 locuta·
201 326 305 391 Reliquae
316 330 467 392 Pergamenae
480 347 549 380 norea
558 346 611 379 oum
621 330 761 379 adversarios

85 400 217 453 mi
231 396 314 449 acrius,¹
324 403 415 457 repente
424 396 448 441 in
459 412 498 443 eas
509 412 562 443 vasa
571 396 655 449 notitia,
671 394 699 442 de
709 395 761 455 qui-

85 456 131 503 bus
146 473 214 521 supra
227 460 364 507 mentionem
381 460 482 514 fecimus,
496 462 581 523 ,conjici
598 470 673 522 coepta
690 466 744 505 sunt
749 476 759 517 3

87 536 144 582 we
152 524 215 585 jacta
227 523 291 571 initio
302 524 371 571 risum
385 526 536 587 pugnantibus
550 524 691 582 excitirunt3
709 539 759 577 nec,

88 600 160 646 qum
175 588 199 633 id
215 587 286 643 lieret,
301 596 390 651 poterat
407 590 510 652 intelligi.
540 589 665 651 Postquam
683 596 760 636 autem

88 666 159 717 neves
176 654 299 714 completas
314 662 480 717 oonspexerunt
497 656 643 716 serpentibus,
660 651 720 701 novi
735 668 761 701 re

87 718 208 777 perterriti,
226 734 285 772 eum,
302 719 356 779 quid
370 720 511 780 potissimum
525 720 628 773 vitarent,
641 734 687 765 non
697 719 762 765 vido-

87 788 148 833 rent.
165 796 251 844 puppes
262 791 397 837 averterunt,
409 785 516 845 nequead
530 800 571 831 oua
584 792 658 831 castra
671 783 761 830 nautica

87 846 222 893 retulerunt.
250 848 288 895 sio
299 847 414 895 Hannibal
424 849 518 905 concilio
528 864 590 897 arma
605 848 759 910 Pergameno-

87 924 140 955 rum
161 912 288 973 superavitz
307 927 379 973 neque
398 920 447 959 tum
466 913 547 968 mlum,
567 913 607 961 sed
625 928 685 975 saepe
706 912 761 959 alias

87 974 231 1036 pedestribus
240 976 310 1038 copiis
320 978 368 1039 pari
379 977 496 1039 prudentii
506 979 590 1041 pepulit
600 977 745 1025 adversarios.

123 1038 186 1086 XII.
206 1040 267 1094 Quae
278 1042 330 1087 dum
341 1044 368 1090 in‘
376 1040 433 1089 Ant
443 1050 559 1105 geruntur,
572 1043 721 1095 acciditoasu,
734 1049 761 1087 ut

86 1102 159 1165 legati
174 1104 262 1151 Pruaiae
273 1105 356 1153 Romae
366 1107 424 1169 apud
435 1106 465 1153 L.
477 1107 596 1161 Quintium
607 1106 759 1153 Flamininum

88 1169 231 1216 consularem
246 1178 375 1229 coenarent;
392 1178 459 1232 atque
474 1172 542 1219 ibide
553 1172 681 1218 Hannibale
694 1185 760 1217 men-

87 1233 154 1280 tione
162 1232 229 1287 iacti,
239 1248 268 1281 ex
277 1236 312 1281 hia
322 1250 381 1282 unua
391 1236 482 1291 diceret,
494 1251 546 1283 eum
556 1237 580 1282 in
590 1236 677 1283 Prusiae
687 1250 761 1297 regno

87 1312 147 1345 eoae.
174 1296 203 1345 Id
212 1306 303 1360 postero
313 1300 349 1347 die
360 1298 501 1347 Flamininus
512 1302 597 1348 senatui
608 1301 695 1347 detulit
714 1298 760 1345 Pa·

87 1369 137 1409 tres
148 1364 276 1426 oonocripti,
288 1366 333 1425 qui,
346 1365 475 1413 Hannibale
484 1366 668 1427 nunnunquam
677 1380 703 1411 ae
711 1364 760 1427 nine¹

87 1427 175 1475 insidiis
193 1427 282 1475 futuros
300 1430 462 1485 ennnmebant,
482 1429 569 1493 legatos
582 1431 609 1477 in
627 1429 761 1491 Bithyniam

87 1492 207 1549 mioemnt,
219 1494 243 1539 in
253 1493 288 1541 bis
299 1493 458 1550 Flamininum,
470 1497 508 1556 qui
519 1511 534 1542 a
543 1511 597 1557 rege
607 1502 714 1557 peterent,
730 1508 759 1541 ne

88 1559 760 1685 nmntnwiiittninliiiz

88 1686 112 1733 id
128 1701 144 1733 a
160 1703 185 1735 se
200 1686 249 1735 fieri
263 1689 410 1751 postularent,
426 1690 487 1750 quod
500 1690 607 1736 adversus
616 1690 656 1751 jus
669 1688 765 1749 hospitii

88 1758 163 1803 esset:
182 1752 232 1814 ipsi,
244 1754 263 1799 si
273 1760 373 1815 possent,
386 1755 612 1815 comprehenderent:
625 1753 708 1806 iocum,
721 1752 759 1812 ubi

87 1824 157 1870 esset,
168 1816 235 1865 facile
247 1818 386 1865 inventuros.
416 1818 532 1865 Hannibal
541 1818 601 1865 enim
612 1832 658 1863 uno
668 1816 718 1864 loco
734 1832 759 1863 se

87 1882 180 1943 tenebat
193 1882 331 1938 incastello,
347 1882 408 1945 quod
422 1883 443 1931 ei
457 1884 485 1931 ab
496 1883 636 1947 repedatum
647 1889 695 1929 erat
708 1897 760 1928 mu-

88 1946 153 2003 neri3
170 1947 238 2007 idque
256 1948 289 1994 sic
308 1946 434 2002 aediiicirat,
454 1956 482 1994 ut
499 1949 523 1995 in
540 1948 648 1995 omnibus.
660 1946 760 2010 partibus

88 2010 177 2057 aedifloii
195 2012 280 2059 exitum
298 2013 338 2059 sibi
354 2014 452 2067 haberet,
469 2028 557 2077 semper
570 2028 658 2067 verena,
673 2028 702 2060 ne
717 2028 759 2059 usu

88 2076 197 2130 eveniret,
210 2078 271 2138 quod
282 2076 376 2125 accidit*
398 2077 454 2125 Huc
465 2094 518 2125 cum
525 2079 594 2143 legati
602 2078 759 2125 Romanorum

87 2140 212 2195 venissent,
231 2158 257 2189 ac
274 2143 416 2192 multitudine
430 2144 522 2191 domum
536 2144 585 2207 ejus
602 2142 761 2189 circumdedis-

88 2208 148 2259 sent,
155 2206 323 2271 puerabjanul
329 2208 467 2271 prospiciens
475 2208 758 2270 Hannibnlidixicpmes,

87 2272 172 2331 preter
182 2273 374 2327 consuetudinem,
386 2280 484 2321 arnntos
498 2288 619 2337 apparere3
635 2273 674 2333 qui
688 2273 760 2333 impe-

88 2334 149 2381 rarit
163 2336 197 2390 ei,
209 2344 235 2383 ut
250 2352 329 2385 omnes
345 2337 406 2385 sores
425 2338 513 2386 aedificii
523 2338 658 2390 circumiret,
669 2350 696 2383 ac
706 2351 760 2397 pro-

86 2414 142 2462 pere
153 2401 194 2447 sibi
204 2404 349 2458 renuntiaret,
358 2418 413 2449 num
424 2404 504 2451 eodem
514 2401 690 2460 modo'undique
700 2399 761 2445 obsi·

88 2464 188 2512 detetur.¹
213 2465 274 2514 Puer
282 2482 333 2514 oum
341 2468 450 2523 celeriter,
461 2468 516 2530 quid
523 2474 590 2521 esset,
602 2462 761 2517 renuuntsset,

88 2542 213 2592 omnaque
221 2533 294 2580 exitus
305 2540 425 2597 occupatos
433 2533 568 2581 ostendisset
573 2547 582 2589 3
600 2529 670 2576 omisit
679 2527 703 2574 id
713 2542 760 2575 non

87 2593 183 2642 fortuito
193 2596 285 2651 facttrm,
298 2599 337 2646 aed
352 2614 377 2645 oe
386 2598 440 2661 peti,
457 2612 531 2659 neque
544 2594 585 2642 sibi
596 2592 679 2640 diutius
689 2592 760 2650 vitam

87 2674 138 2709 ense
149 2661 300 2713 retinendam..
322 2664 436 2719 Quamne
446 2664 519 2712 alieno
530 2659 620 2717 arbitrio
631 2656 759 2727 diruitterct.

520 2739 536 2772 x
